3028 5096
407 617 410 623 Ι
447 525 488 600 σύ
508 527 545 594 δὲ
566 499 731 610 σιλλαβιπ
757 519 813 592 σοι’
833 478 898 592 im
918 522 985 611 γιιρ
1006 514 1098 646 οἶμα.

199 625 257 696 Ὺ).
280 651 313 698 ιι
304 621 486 696 ’alles'
463 652 484 705 η
507 627 552 698 δι’
573 626 653 712 ἐμοῦ
673 624 818 708 uuluam·
815 623 934 717 ψαύω
955 624 1057 712 ubst
1039 651 1153 711 ιγωγι.

28 785 29 834 l
119 782 155 849 66
183 803 256 849 vnce
279 768 363 868 οἶμα
388 779 456 846 vile
482 779 567 847 adv.
590 777 663 848 526.
683 785 715 848 et
735 777 915 845 116ιιι6ι6ιιιιι
932 777 1143 866 Scholiastem
1164 783 1216 870 qui
1329 811 1334 818 “

119 862 246 949 similis
242 882 417 950 variationis
439 880 577 947 meminit
596 879 694 947 alll.
711 879 771 954 6,·-
772 877 851 949 349.
893 879 1067 947 WAKEF.
1091 883 1127 946 τὲ
1148 879 1215 972 μιρ

118 1006 178 1050 nen
198 979 326 1049 debebat
347 982 522 1066 sollicitari3
544 982 663 1072 saepius
682 982 760 1046 enim
779 983 836 1048 hae
852 981 976 1048 voculae
993 983 1112 1047 iunctae
1129 1005 1215 1102 repe-

120 1087 247 1150 fiuntur.
298 1083 364 1152 cfr.
383 1081 491 1170 Viger
511 1033 548 1148 66
573 1083 657 1148 ιιιοι.
676 1103 706 1170 p.
724 1079 798 1148 496.
815 1081 861 1149 66.
877 1079 996 1150 Zeun..
1047 1070 1169 1148 Sed
1132 1105 1216 1167 οιμα

118 1193 201 1250 recte
219 1184 346 1250 eenieeit
359 1183 605 1250 Wakefieldius.
630 1181 762 1269 Reliqua
776 1181 867 1249 multe
881 1182 978 1248 lenius
992 1183 1123 1248 restituit
1135 1183 1215 1248 Her·

119 1285 219 1351 manni
244 1285 415 1374 ingenium,
444 1283 622 1372 corrigendo
648 1279 811 1372 iurabas,
837 1290 869 1348 ιιι
893 1285 1039 1372 positivus
1060 1305 1115 1372 pro
1136 1305 1215 1348 eom-

118 1387 253 1474 parativu
269 1386 416 1453 adbibitus
437 1385 478 1450 sit
494 1407 533 1450 ex
558 1405 640 1450 mere
659 1384 842 1451 Graecorum
862 1385 938 1450 satis
960 1385 1124 1488 frequenti,
1146 1383 1215 1452 coll.

118 1485 225 1575 Viget.
246 1508 275 1575 p
287 1483 339 1552 66
357 1507 385 1551 ιι.
404 1481 629 1552 ERFURDT

201 1604 239 1670 I'n
256 1603 427 1670 Hermanni
436 1601 567 1684 editione
584 1603 661 1669 haee
681 1601 718 1669 66
735 1601 813 1669 bunc
829 1603 925 1670 lesum
940 1603 1052 1692 scripta
1067 1611 1151 1674 sunt:
1279 1595 1282 1602 ’

203 1721 304 1804 „Neu
315 1720 413 1786 ‘ausim
429 1713 592 1804 ἔμπλεον,
618 1719 695 1807 qued
719 1727 750 1785 et
776 1707 859 1786 a'me
876 1721 942 1810 ipsu
958 1719 1027 1788 olim
1048 1729 1113 1786 eta
1129 1721 1215 1788 Seil-

117 1821 184 1888 lero
202 1819 239 1886 de
258 1842 354 1887 verss.
376 1820 491 1886 leebm.
515 1841 545 1908 p.
570 1818 642 1886 314.
674 1821 853 1886 coniecturis
878 1825 1022 1885 tentatum
1039 1830 1103 1905 est,
1133 1823 1215 1887 labe'·

118 1923 242 1988 lactureL
284 1918 429 2004 Videtur,
452 1921 530 2007 quies
543 1921 639 2009 plenis
656 1921 731 1986 nihil
750 1920 852 2003 deest,
868 1941 935 2010 ‘pru
951 1921 1072 2009 integre
1094 1922 1213 2006 lictum,

117 2024 175 2088 boe
200 2043 306 2087 sensu:
339 2022 410 2086 tibi
433 2021 546 2109 plena
575 2030 636 2087 est
664 2033 777 2110 atque
804 2023 958 2108 integra
983 2022 1134 2087 videndi
1155 2021 1215 2088 la'-

119 2121 265 2206 cultas,
290 2122 417 2211 potins
439 2143 544 2209 quam
566 2129 605 2187 ut
624 2143 695 2211 per
715 2143 770 2187 me
790 2121 860 2188 ille
881 2123 1030 2188 servari
1050 2125 1214 2211 pessit.“

204 2239 289 2314 Quae
318 2261 370 2304 cur
395 2239 516 2330 probari
535 2246 701 2327 nequeant,
726 2260 787 2304 non
809 2259 882 2326 opus
905 2245 953 2304 est
972 2246 1006 2304 ut
1025 2239 1147 2327 planum
1168 2242 1214 2306 fa-

120 2343 207 2425 ciam,
230 2340 380 2429 cumipse
400 2342 447 2405 vir
468 2361 598 2408 summus
620 2339 769 2408 sententia
786 2347 950 2406 retraetata
970 2341 1045 2405 nihil
1066 2359 1146 2406 nunc
1161 2339 1228 2408 du-

98 2443 214 2525 ·bitet4
233 2441 304 2530 quin
325 2447 357 2506 et
377 2436 525 2522 ἔμπλεον
545 2441 714 2507 mutandum
737 2443 777 2506 sit
797 2441 830 2504 in
852 2435 1018 2524 ἔμπεδον,
1046 2439 1215 2531 quodipse

118 2543 190 2610 elim
212 2541 349 2624 coniecit,
371 2549 402 2606 et
423 2548 587 2608 ceterorum
609 2543 766 2610 verborum
787 2561 825 2606 ea
845 2541 983 2606 iacienda
1000 2543 1145 2630 suffectio
1163 2544 1215 2627 sit,

118 2665 196 2732 quae
221 2643 293 2707 mibi
320 2642 352 2718 in
379 2647 508 2708 mentem
534 2642 633 2725 venit,
659 2641 704 2707 ita
727 2649 761 2706 ut
785 2643 831 2706 sie
855 2642 1015 2732 scripsisse
1035 2649 1125 2732 pasta
1146 2665 1215 2709 cen·

116 2743 229 2811 sendus
250 2743 308 2811 sita

159 2979 163 2986 ι
571 2885 627 2958 σοι’
644 2913 684 2957 τι
706 2890 771 2978 γάρ
792 2885 910 2977 ἅμμα
1045 2911 1052 2930 ι

275 2988 477 3080 ἔμπεδον,
507 2987 529 3076 ἡ
525 2985 595 3062 '’ea
623 2987 706 3080 ἐμοῦ
730 2990 858 3085 σώζειν.

119 3143 243 3227 Sensus
259 3169 339 3213 nune
359 3147 492 3214 blaesi
513 3146 622 3215 elrlu
642 3146 828 3214 Herculus
836 3146 1057 3234 negotium
1078 3148 1219 3215 hocvr
1263 3183 1268 3186 ·

119 3275 182 3316 res
203 3271 302 3315 meas
328 3255 508 3338 superat3
536 3249 668 3335 itaque
690 3262 725 3314 tu
748 3248 900 3331 aliuva3
929 3249 1002 3313 tibi
1024 3250 1120 3316 enim
1140 3251 1216 3316 [ιι

119 3353 236 3420 miter
258 3348 548 3439 apprehendere
569 3370 650 3412 eum
672 3348 775 3432 licet,
792 3370 890 3436 quam
913 3357 954 3414 ut
973 3371 1037 3438 per
1058 3374 1113 3416 me
1135 3373 1216 3418 eum

119 3437 258 3518 serves.
303 3449 416 3524 Quibus
438 3470 457 3514 a
478 3471 550 3515 sene
571 3449 623 3513 ille
646 3448 734 3515 dictis
755 3457 824 3538 apte
845 3471 925 3514 nune
944 3451 1216 3548 respendereHyl
1301 3515 1304 3524 ,

117 3555 182 3619 lum
206 3556 314 3640 patet

392 3707 399 3714 “
495 3753 499 3758 .
549 3672 651 3774 walle
673 3691 862 3791 μὲνεγωμε.
943 3757 951 3766 .
1024 3689 1027 3696 ’

118 3874 222 3938 Nema
248 3877 345 3935 autem
378 3869 549 3936 haerebit
539 3891 571 3934 m
570 3851 744 3934 verbis‘
728 3859 828 3954 α’μμα
855 3868 910 3933 uui
940 3863 1088 3953 εμπεδόν
1116 3869 1217 3960 ἐστιν,

119 3972 203 4039 idem
224 3971 462 4058 significantibus
489 3978 577 4057 atque
598 3964 776 4035 ἅπτεσθαι
805 3969 859 4033 σοὶ
888 3966 1044 4050 ἔξεστιν,
1038 3993 1121 4036 eum
1143 3975 1218 4040 satis

120 4057 227 4138 nutum
249 4072 300 4154 sit,
321 4071 571 4138 substantivorum
593 4071 784 4137 verbalium
776 4093 807 4136 m
828 4079 881 4143 σιι
900 4077 932 4135 et
951 4093 1001 4153 μα
1024 4071 1219 4140 desinentium

122 4190 217 4260 saepe
253 4193 318 4244 eam
351 4167 526 4266 putestatem
559 4193 665 4253 esse„
691 4179 724 4236 ut
753 4169 942 4252 facultatem
939 4171 1007 4236 ¹rei
1019 4173 1221 4261 perficiundee

122 4273 307 4380 significent.
350 4271 429 4342 Vide
456 4293 531 4359 quae
563 4271 599 4336 ab
633 4267 763 4339 Pbileet.
786 4269 841 4339 61.
868 4270 1010 4340 adunata
1038 4281 1116 4341 suut
1169 4273 1219 4339 De
1354 4323 1360 4328 -
