3028 5096
661 383 722 470 lta
771 407 774 420 ¹
852 383 857 390 '

140 571 259 656 mendi,
289 593 345 662 quo
369 569 484 637 codloes
507 569 631 650 effectos
653 567 808 652 viderunt,
835 568 886 640 ulit
908 567 997 634 aliam
1017 569 1162 648 rationem
1184 591 1237 643 ex·

138 676 321 762 cogitarunt,
370 667 482 738 Eorum
511 672 560 758 qui
586 672 713 736 maxima
740 678 787 736 est
806 672 983 764 auctoritate
1005 669 1082 759 apud
1097 671 1237 737 homines

142 773 264 856 doctos,
290 772 501 854 llera,muunus
529 780 562 836 ot
582 771 702 836 videant
728 770 872 856 lectores,
901 779 932 836 et
959 772 1029 859 quid
1053 772 1089 836 de
1107 771 1237 860 priorum

142 875 287 940 editorum
319 873 496 937 coniectoris
527 872 680 956 iudicarit,
715 880 746 936 et
777 871 883 959 quid
875 895 941 961 ipso
961 873 1193 962 proposuerit*
1200 895 1237 938 en

141 983 232 1040 totam
256 975 320 1038 nius
343 973 580 1038 adnotationem·

228 1089 421 1173 „Brnnckios
445 1111 482 1154 ex
506 1086 630 1154 Canteni
652 1092 822 1160 coniectura
843 1089 898 1155 llos
920 1111 1024 1155 uersos
1046 1091 1089 1154 ita
1111 1090 1237 1177 scriptos

145 1191 244 1256 dedita
264 1251 276 1258 ,
300 1237 305 1252 ι

288 1338 350 1403 οὐκ
367 1325 400 1402 ei
417 1335 593 1427 ξοιιὲρξων,
616 1335 705 1417 ἡνίκ’
721 1336 743 1416 οἳ
760 1336 962 1423 σισώσμεθα
1062 1379 1083 1405 x

294 1436 406 1504 κείνου
426 1437 496 1526 βίον
522 1437 709 1513 σώσαντος,
736 1433 760 1518 οἳ
775 1435 954 1524 οἰχόμεσθ’
973 1433 1058 1524 ἅμα,

295 1540 354 1602 καὶ
374 1529 561 1624 πίπτομιιι,
589 1539 649 1604 σοῦ
665 1538 793 1626 πατρὸς
812 1535 1018 1616 ἐξολωλότος.

146 1694 275 1786 Versum
297 1687 349 1756 84.
371 1681 597 1774 ἢπίπτομιν,
619 1689 679 1755 nob
698 1711 733 1754 π.
750 1685 971 1770 ἐξολωλότος,
1000 1690 1093 1756 deleri
1111 1684 1257 1758 iusserat

145 1795 188 1864 R.
211 1791 378 1866 Bentleius.
404 1791 505 1854 Idem
534 1792 607 1856 lecit
635 1791 793 1856 Dobraeus
819 1791 893 1871 (vid.
917 1779 1107 1856 Porsoniann
1134 1791 1240 1856 Kiddii

145 1917 175 1984 p
192 1891 295 1976 2lS.,)
318 1899 417 1958 uatum
437 1914 502 1955 eum
518 1913 557 1954 ex
572 1892 818 1980 interpretatione
833 1891 915 1956 vocis
932 1869 1128 1998 οἰχόμεσθα
1147 1901 1242 1975 ratos,

148 1995 227 2083 qood
248 1993 359 2058 nemini
380 1991 470 2056 focile
493 1991 679 2078 persuadeat.
733 1992 840 2072 Immo,
859 1988 894 2054 si
916 1965 1099 2077 quidquam
1116 1993 1241 2056 munile-

146 2105 225 2161 stum
248 2104 312 2176 est,
341 2091 523 2156 diversarum
551 2092 600 2155 hic
626 2092 833 2157 recessionum
861 2092 952 2155 verba
978 2091 1135 2159 coniuncta
1162 2113 1241 2176 esse,

136 2186 272 2284 'quarum
301 2193 396 2258 altera
419 2212 537 2257 versum
565 2188 616 2256 84.
645 2191 741 2256 altera
761 2190 813 2257 85.
841 2192 954 2256 habuit.
997 2190 1032 2257 Si
1055 2190 1124 2277 quid
1145 2191 1243 2275 rideo,

146 2298 262 2386 primae
281 2293 418 2358 editionis
436 2293 493 2358 fuit
511 2286 611 2374 lric,”
588 2315 608 2369 η
627 2312 804 2373 πιπτομιιι,
824 2311 883 2356 σου
895 2289 1023 2376 πατρὸς
1035 2285 1243 2367 ἐξολωλότος.

149 2397 234 2470 Quae
257 2393 421 2508 Sophocles
444 2414 507 2458 cum
528 2391 644 2456 videret
668 2393 765 2456 miuus
792 2401 860 2480 apte
885 2391 965 2456 dicta
991 2414 1077 2475 esse,
1104 2392 1181 2479 qood
1207 2383 1244 2457 de
1288 2411 1295 2420 ·

145 2496 296 2562 Deianira
315 2494 418 2558 minus
446 2505 539 2577 grane
565 2493 685 2558 verbum
711 2513 897 2574 πιπτομιν,
926 2493 963 2556 de
989 2491 1121 2558 Hercule
1147 2502 1243 2559 autem

149 2596 239 2662 nimis
268 2615 361 2681 grave
390 2587 610 2675 ἐξολωλὸτος,
643 2591 731 2678 idque
766 2593 831 2658 sine
867 2593 928 2657 ulla
962 2615 1052 2659 cansa
1084 2595 1245 2681 posuisset,

152 2694 321 2760 emendavit
347 2693 458 2774 locum,
488 2689 546 2756 alio
573 2692 671 2778 posito
697 2714 804 2776 versu,
836 2693 886 2779 qni
913 2701 1036 2779 onoqoe
1059 2694 1142 2758 ⁴vitio
1169 2693 1245 2759 liber

96 2863 108 2876 ,
152 2803 253 2878 esset,
281 2817 315 2859 ac
335 2793 434 2882 potius
459 2812 513 2879 pro
540 2790 617 2855 diro·
630 2791 728 2878 aliquo
750 2792 891 2857 Herculis
919 2792 1042 2857 interitu
1067 2791 1099 2858 id
1120 2815 1246 2859 comme·

152 2901 297 2978 mereret,
320 2892 397 2980 qood
418 2892 544 2958 maxime
566 2893 687 2979 optabat
706 2890 889 2957 Deianira.“
1252 2947 1263 2962 ,

210 3077 215 3084 ἱ
237 2995 284 3060 Ac
298 2979 481 3058 Brunclrium
504 2991 629 3079 quidem,
652 2992 734 3056 cuius
755 2992 879 3080 primum
895 2991 1029 3056 meminit
1044 2993 1246 3077 Hammone,

156 3097 220 3160 iore
242 3115 328 3160 nemo
350 3100 469 3158 secutos
492 3097 555 3173 est3
576 3114 672 3178 neque
694 3093 772 3157 enim
793 3092 972 3174 verisimile,
993 3092 1021 3157 si
1036 3115 1054 3158 a
1071 3101 1247 3183 poetapro·

154 3197 265 3262 fectum
287 3201 382 3275 esset,
405 3191 481 3279 quod
501 3192 554 3256 ille
576 3193 712 3276 coniecit,
733 3212 787 3281 pro
808 3213 844 3257 eo
867 3199 918 3276 aot
939 3193 1126 3260 librariorum
1148 3215 1247 3280 quem-

156 3319 244 3384 quam
269 3303 321 3358 aut
347 3294 541 3381 interpretum
563 3293 594 3356 id
615 3292 793 3380 scpipbrrum
813 3292 925 3376 fuisse,
948 3293 1026 3380 quod
1045 3295 1077 3360 in
1099 3295 1247 3361 codicibus
1298 3299 1313 3379 j

159 3397 300 3485 scriptum
321 3393 495 3482 reperimus.
539 3391 667 3458 Gravior
689 3393 777 3457 etiam
799 3392 895 3459 altera
916 3415 1007 3460 causa
1028 3403 1085 3479 est,
1107 3395 1199 3482 quod,
1221 3394 1249 3460 si

157 3497 329 3584 scripsisset
352 3495 397 3557 ita
424 3498 528 3580 poeta,
555 3514 668 3558 somma
697 3513 768 3557 osus
791 3494 955 3579 tautologia
981 3503 1076 3576 esset,
1103 3493 1248 3580 siquidem

157 3597 312 3663 uerborum
333 3591 494 3676 οὶζῖεσθαι
509 3600 540 3656 et
555 3589 687 3656 πίπτειν
706 3613 793 3656 unam
812 3592 991 3679 eandemque
1006 3595 1055 3660 hic
1066 3593 1134 3659 lore
1155 3593 1249 3682 signi·

158 3695 326 3759 linationem
348 3697 478 3779 apparet.
1298 3759 1303 3764 ,

242 3793 318 3858 ltem
344 3792 409 3855 iore
437 3791 578 3857 reiectam
612 3791 648 3853 ab
665 3789 856 3860 'Hermanno
888 3791 1022 3858 Bentleii
1052 3794 1249 3858 coniecturum

129 3967 145 3992 κ
158 3901 247 3982 poto,
277 3891 407 3977 quamvis
428 3891 580 3976 probatam
601 3888 741 3956 Dobrueo
764 3898 794 3958 et
817 3891 852 3958 G.
874 3892 1051 3973 Diodorfiop
1078 3891 1150 3956 adeo
1172 3892 1250 3956 enim

160 3995 271 4058 usitata
291 3991 349 4054 luit
369 3989 451 4052 verbi
473 3987 610 4078 oligopuc
625 3990 807 4084 ¹significatio
834 3990 889 4056 illa
907 3989 1105 4082 pereundi,
1133 3996 1166 4055 ut
1186 3991 1250 4055 eius

161 4089 352 4178 explicandae
380 4108 470 4164 causa
496 4096 588 4153 totum
609 4111 726 4156 versum
747 4089 876 4157 additum
902 4112 971 4156 esse
992 4110 1028 4154 en
1049 4089 1252 4155 incredibilius

162 4191 220 4270 sit,
243 4211 307 4252 cum
329 4209 367 4251 ne
389 4209 408 4250 a
429 4185 608 4252 Scholiastis
632 4187 898 4276 quidemplurima
914 4211 1003 4278 saepe
1026 4187 1253 4276 explicantibus,

162 4311 238 4382 quae
270 4286 423 4352 intellectu
454 4285 600 4350 facillima
628 4295 713 4370 sunt,
745 4289 776 4354 in
808 4288 931 4376 reliquis
962 4290 1053 4374 locis,
1082 4291 1116 4356 in
1149 4290 1254 4377 quibus
