3028 5096
765 401 825 470 172

693 496 896 510 ω

331 588 443 670 Vides,
473 585 600 651 dubitari
622 557 703 650 celto
724 559 788 651 iure
809 609 914 675 posse,
944 589 1136 675 quisquamne
1159 587 1346 656 Graecorum

246 688 307 756 cdv
328 687 385 756 cisi
408 689 526 754 dixerit.
571 685 635 752 Sed
657 694 688 752 ut
708 685 860 774 paulisper
881 689 1038 752 concedam
1061 688 1169 752 dictum
1193 707 1277 774 esse,
1299 692 1347 755 si·

222 791 412 877 “militesque
441 781 491 860 εἰς
519 784 578 850 τόν
605 777 747 872 ὕστερον
773 785 868 851 fuisse
903 788 953 874 qui
984 787 1042 852 dici
1070 809 1160 876 posse
1188 785 1346 876 putarent,

128 933 135 942 .
196 869 203 884 ἱ
247 904 360 973 tamen,
382 890 446 952 sive
468 888 524 952 hoc
545 887 640 974 ipsum
662 886 803 974 scriptum
825 894 891 950 erat
912 888 987 970 sive,
1010 887 1086 974 quod
1104 887 1248 952 Reiskius
1271 910 1346 952 corr-

244 991 331 1072 iecit,
354 981 401 1062 εἰς
418 983 455 1052 τό
476 980 508 1067 γ’
526 977 683 1070 ὕστερον,
705 986 761 1050 hoc
783 985 898 1072 quidem
920 986 986 1051 loce
1008 987 1118 1052 clarius
1132 970 1201 1069 ¹est,
1224 987 1348 1075 Sopho-

230 1091 319 1156 clem
350 1087 431 1152 credi
456 1109 517 1151 non
547 1107 637 1175 posse
658 1087 702 1149 ita
723 1083 852 1168 dixisse,
878 1093 911 1149 ut
932 1089 1097 1174 praemissa
1117 1085 1171 1150 illa
1192 1087 1347 1152 locutione

181 1271 186 1278 ,
246 1212 283 1254 ea
304 1188 428 1264 adderet
452 1188 558 1268 verba,
589 1207 663 1271 quae
689 1184 789 1274 addita
814 1186 847 1249 in
875 1185 1024 1251 codicibus
1046 1188 1253 1274 reperiuntur·‚-
1280 1185 1346 1252 τὸν

245 1287 365 1353 λοιπὸν
390 1283 455 1364 ἤδη
482 1281 612 1369 βίοτον.
663 1285 758 1369 Quam
786 1285 978 1372 tautologiam
1005 1289 1054 1373 qui
1083 1287 1208 1350 alienam
1231 1287 1345 1350 ostile

171 1382 175 1390 ,
245 1388 414 1476 Sophocleo
441 1408 510 1474 esse
536 1392 618 1450 recte
643 1384 733 1466 vidit,
761 1385 797 1450 G.
821 1384 1017 1470 Dindorfius,
1040 1409 1104 1451 eam
1126 1394 1226 1454 tamen
1248 1387 1367 1456 corri-.

141 1545 145 1554 .
245 1485 337 1576 genili
368 1487 453 1549 huius
485 1485 544 1549 loci
569 1485 646 1547 viam
675 1486 868 1569 monstrarit,
903 1508 989 1572 quam
1015 1485 1138 1574 probari
1164 1507 1253 1574 posse
1279 1495 1346 1550 non

244 1597 337 1680 potos
368 1585 488 1649 lllonoit
509 1585 587 1648 enim
608 1584 702 1649 haec:
789 1579 792 1588 ’
928 1584 931 1592 ’

330 1684 564 1769 „Revocamdum
582 1680 641 1747 τὸν
658 1680 786 1764 λοιπόν,
808 1681 914 1750 deletis
925 1685 1028 1750 rerhls
1040 1680 1090 1760 εἰς
1110 1681 1169 1750 τὸν
1187 1677 1347 1772 ὕστερον,

245 1809 337 1875 quae,
370 1785 488 1850 etiamsi
502 1783 640 1872 supplere
663 1784 751 1848 liceat
771 1784 848 1870 qnod
869 1785 1048 1874 interpretes
1070 1795 1190 1851 sumunt
1204 1785 1346 1871 χρόνον,

246 1898 305 1953 tam
326 1886 444 1951 inutilia
465 1893 496 1948 et
516 1884 642 1948 molesta
663 1896 750 1968 sunt,
778 1893 809 1950 ut
837 1884 965 1950 dubitari
985 1887 1037 1950 vix
1058 1887 1172 1973 possit,
1203 1887 1273 1973 quin
1295 1886 1344 1951 la·

206 1978 208 1988 ’
245 2010 338 2054 cunae
361 1984 526 2074 explendae
548 2007 638 2049 causa
658 1985 745 2050 illata
766 1989 843 2068 sint,
871 1985 1035 2075 Sophocles
1060 1995 1157 2050 autem
1173 1986 1252 2058 aliud
1270 1983 1346 2072 qnid

245 2087 417 2175 scripserit,
454 2085 531 2173 quod
567 2107 630 2150 cum
661 2086 907 2173 praecedentibus
940 2087 1038 2152 verbis
1067 2078 1090 2163 ἢ
1116 2085 1234 2151 τοῦτον
1255 2082 1344 2169 ἄρας

210 2217 216 2225 ·
244 2174 364 2252 ἆθλον
385 2187 570 2253 coniunctum
592 2187 710 2251 esset.“

329 2289 372 2354 ht
393 2294 426 2352 ut
446 2286 527 2372 illud*
542 2287 662 2352 difficile
686 2295 736 2354 est
760 2287 930 2374 intellectu,
958 2285 1028 2374 quid
1057 2285 1126 2365 addi
1148 2310 1166 2353 a
1188 2283 1343 2375 Sophocle

243 2390 388 2478 potuerit,
418 2387 494 2474 quod
523 2387 687 2475 pertineret
714 2389 752 2452 ad
777 2387 869 2454 derha
896 2389 1015 2454 τοῦτον
1027 2385 1114 2474 cipue
1138 2378 1274 2462 ἆθλον,
1294 2389 1343 2453 ita

218 2574 222 2583 J
244 2489 325 2555 credi
347 2490 397 2554 vix
417 2495 533 2576 potest,
557 2509 728 2573 quemquam
750 2488 960 2578 interpretum,
983 2491 1011 2554 si
1039 2489 1098 2554 luit
1124 2488 1251 2571 lacuna,
1272 2489 1341 2552 eius

244 2589 409 2678 explendae
438 2609 528 2653 causa
553 2588 655 2675 inepta
679 2587 732 2652 illa
765 2591 856 2653 verba
884 2590 1065 2656 adiecturum
1095 2591 1200 2656 luisse.
1242 2589 1346 2654 Immo

244 2689 378 2778 equidem
400 2697 430 2753 et
451 2683 728 2780 er’erdvh'orepov
741 2698 772 2754 et
793 2713 868 2777 quno
889 2701 1052 2778 sequuntur
1073 2691 1164 2755 verha
1187 2686 1246 2754 τόν
1264 2689 1340 2752 λοι-
1452 2687 1464 2694 ’

244 2790 310 2855 πᾶν
330 2785 394 2868 ἤδη
415 2785 533 2872 βίοτον
553 2791 590 2854 ab
612 2792 757 2855 histrione
781 2792 991 2882 interpositas
1008 2793 1207 2881 scriptumque
1231 2813 1250 2855 a
1277 2790 1340 2856 So·

243 2893 349 2980 phocle
371 2892 415 2956 sic
437 2912 505 2954 esso
526 2900 614 2980 puto:
737 2889 742 2896 ’
1220 2885 1226 2892 ’

395 3038 439 3116 ὡς
458 3035 481 3119 2²2¹
497 3035 655 3119 τελευτήν
678 3043 738 3107 τοῦ
751 3039 829 3126 βίου
842 3043 957 3128 μέλλει
980 3043 1110 3124 τελεῖν,

394 3134 418 3217 ἢ
435 3144 552 3206 τοῦτον
572 3139 660 3224 ἄρας
680 3134 818 3225 ἆθλον,
841 3139 970 3209 sdaimr’
987 3139 1084 3229 ἔχειν.

242 3297 319 3360 Nam
341 3313 405 3360 oum
427 3294 517 3384 verha
538 3293 606 3379 illa,
628 3291 785 3374 τελευτῆν
814 3293 875 3359 τοῦ
899 3289 975 3374 βίου
991 3293 1108 3377 μέλλει
1127 3293 1255 3380 erleio,
1277 3293 1339 3360 hoc

210 3383 214 3390 ⁸
242 3416 332 3460 seusu
355 3393 433 3458 dicta
454 3403 574 3476 essent,
606 3392 664 3458 τὸν
682 3392 761 3479 βίον
778 3395 933 3460 τελευτᾶν
955 3394 1087 3476 μέλλει,
1115 3395 1234 3459 minime
1260 3417 1338 3482 opus

241 3506 327 3578 erat,
351 3503 395 3577 ut,
419 3493 495 3580 quod
517 3494 666 3559 sonoros
684 3491 825 3559 ariniara
846 3489 929 3578 ἔχειν
947 3479 1170 3582 intelligendum
1191 3503 1249 3578 est,
1265 3497 1338 3560 soh-

244 3581 403 3662 slantivum
426 3589 484 3658 τὸν
504 3594 585 3677 βίον
600 3597 707 3660 ilerum
727 3603 934 3684 apponeretur.
959 3597 1028 3672 ‘De
1047 3597 1114 3683 ipsa
1134 3604 1231 3660 autem
1254 3596 1337 3661 locu-

243 3699 325 3763 tione
351 3697 404 3761 illa
430 3691 489 3759 τὸν
512 3691 581 3781 βίον
603 3691 835 3782 εὐαέωνακέχω
860 3697 923 3761 dixi
949 3696 980 3760 in
1007 3697 1217 3761 commentario
1245 3697 1336 3760 huius

241 3797 362 3865 fabulae
383 3795 420 3860 ad
441 3817 468 3860 v.
489 3795 512 3858 4
532 3818 576 3882 sq.
688 3883 693 3891 Ι

327 3915 375 3981 Ab
405 3913 508 3978 eodem
536 3913 749 4000 interpolatore
777 3936 836 3980 non
863 3913 979 3978 duhium
1008 3914 1081 3978 mihi
1101 3913 1234 3998 videtur,
1262 3914 1336 3999 quin

242 4025 377 4082 extrema
398 4034 467 4102 pars
489 4015 575 4081 huius
584 4064 598 4096 ,,
616 4035 701 4100 quem
724 4015 883 4104 adscripsi,
909 4012 966 4080 loci
988 4034 1046 4077 uno
1069 4036 1154 4080 versu
1176 4002 1262 4078 aucta
1283 4015 1336 4080 sit.

242 4119 320 4182 Nam
343 4117 392 4202 qui
414 4123 484 4180 sunt
506 4115 597 4180 ultimi
619 4126 681 4181 tres
704 4137 824 4198 possm,
847 4138 899 4181 eos
919 4137 976 4180 non
999 4135 1088 4203 posse
1109 4116 1161 4197 ita,
1175 4122 1215 4178 'ut
1229 4115 1337 4202 scripti

243 4221 275 4284 in
297 4216 445 4281 codicibus
468 4216 668 4306 reperiuntur,
691 4207 709 4280 a
732 4213 881 4304 Sophocle
903 4217 1081 4303 compositos
1103 4237 1189 4298 esse,
1211 4216 1248 4279 ab
1271 4215 1340 4293 edi-=

245 4319 357 4385 toribus
390 4319 524 4384 omnihus
559 4309 664 4383 dudum
692 4316 873 4382 intellectum
908 4325 963 4382 est.
1017 4313 1128 4391 Verum
1158 4315 1338 4381 emendandi
