3002 5100
367 1103 984 1262 unreuoaurouns
1153 1231 1156 1240 ,

455 1315 499 1432 f
649 1371 707 1440 ιιι
996 1309 1047 1448 ’,

154 1495 615 1632 sornoous
664 1537 1198 1678 mosomum.

127 1862 210 1956 Ex
232 1882 390 1973 Sophoclis
407 1882 691 1971 beqcediienullum
707 1883 803 1970 magis
825 1893 877 1951 aut
897 1883 1025 1951 inscitie
1037 1869 1224 1954 librariorum

126 2003 180 2060 ιιιι
198 1990 387 2080 negligentia
407 1997 575 2078 corruptum
601 2009 777 2075 essequam
799 1987 995 2071 Trachinins,
1028 2011 1114 2058 nemo
1135 1991 1224 2058 facile
1298 2061 1305 2072 ,

126 2095 265 2182 negabit,
288 2091 338 2180 qui
351 2111 428 2155 -cum
446 2090 536 2156 totius
558 2089 680 2176 linguae
701 2109 845 2176 gmecae,
867 2101 928 2154 tom
944 2090 1086 2178 impiimis
1108 2091 1224 2178 ingenii

129 2193 288 2284 Sophoclis
309 2215 370 2257 non
390 2190 515 2278 ignarus
535 2189 624 2279 puolo
635 2190 810 2278 diligentius
826 2209 891 2254 eoru
905 2190 1033 2256 fabulam
1049 2191 1222 2280 perlegerit.

127 2295 258 2371 Quorum
275 2290 512 2409 renuptelerrm
534 2290 597 2356 etsi
613 2311 673 2356 uon
698 2308 807 2378 paucos
828 2289 886 2354 viri
907 2290 952 2354 illi
974 2291 1224 2358 doctissimique·
1245 2305 1250 2316 '

127 2397 275 2478 tuleram,
306 2393 356 2480 qui
386 2399 456 2480 post
486 2397 608 2455 renem
633 2389 759 2455 litteras
785 2390 986 2458 emendandae
1012 2391 1094 2456 huie
1101 2391 1225 2457 leboloe

126 2513 249 2587 operam
274 2500 434 2580 ιιιιιιιιιιι,
459 2499 558 2556 omen
585 2509 646 2556 non
672 2508 779 2556 vereor
809 2489 943 2580 profiteri
970 2490 1061 2578 longe
1082 2490 1224 2580 plurimas
1266 2529 1289 2556 ι.

126 2597 322 2662 etiamnunc·
318 2593 456 2659 relicus
479 2612 561 2672 esre,
604 2589 732 2655 maxime
764 2591 857 2674 tales,
903 2609 977 2679 quos
1016 2600 1048 2657 ιιι
1085 2592 1224 2662 aduertea

21 2725 26 2732 ·
120 2715 348 2812 agnoscisque,
375 2691 573 2758 attentissimo
599 2689 733 2757 lectione
747 2711 821 2779 opus
847 2692 896 2758 sit
950 2691 1044 2758 Cuius
1069 2693 1114 2758 rei
1135 2715 1226 2758 causo

130 2796 232 2876 nesciq
253 2818 292 2860 ιιιι
314 2793 398 2860 baec·
408 2775 509 2874 luerit,
531 2789 609 2878 quod
631 2812 727 2878 neque
748 2799 793 2856 tot
814 2789 948 2858 homines
971 2791 1051 2860 docti
1072 2791 1158 2859 boios
1180 2795 1225 2862 [ιι-

128 2897 217 2964 bulae
239 2895 369 2962 editores
385 2900 456 2980 quot
477 2899 642 2973 ceterarum
659 2891 849 2972 exstiterunt,
871 2911 977 2976 neque,
999 2890 1049 2976 qui
1069 2893 1225 2975 exstitere,

127 2998 241 3066 eximie
266 2996 319 3060 illa
344 2990 499 3080 diligentia
526 2998 564 3082 et⁸
581 2990 747 3078 sagacitate
773 2990 822 3054 usi
847 2988 998 3072 videntur,
1025 3011 1083 3075 qua
1108 2999 1225 3072 ceteras

125 3099 245 3166 fabuler
272 3103 471 3186 pertractasse
497 3091 609 3179 reperti
640 3099 719 3157 suut.
769 3089 916 3174 Accedit,
946 3089 1033 3178 qood.
1055 3091 1226 3160 recentiore

126 3207 229 3274 aetate
242 3197 307 3282 ¹viri
326 3194 444 3284 quidem
460 3201 589 3284 summae
605 3191 792 3256 auctoritatis
813 3192 845 3256 io
865 3213 903 3256 ea
923 3191 1044 3256 fuerunt
1064 3192 1225 3275 sententio,

125 3297 266 3366 ιιιίιιιιι
295 3293 478 3384 tragoediam
504 3291 611 3356 ceteris
637 3290 729 3378 multo
757 3290 935 3358 deteriorem
960 3312 1029 3356 esse
1054 3284 1226 3372 credererlt3

126 3399 188 3489 quo
209 3401 318 3465 lactum
339 3395 465 3476 videtur,
488 3401 530 3476 ut,
552 3391 601 3478 qui
622 3392 716 3457 secuti
737 3400 808 3458 aunt
829 3391 976 3473 editores,
998 3391 1087 3470 etiem
1109 3390 1227 3473 dicendi

126 3505 241 3570 formas
266 3521 326 3566 uon
352 3516 461 3585 paucos
490 3492 620 3581 quamvis
649 3492 767 3558 minime
793 3492 947 3581 placerent
974 3499 1070 3556 tamen
1096 3489 1225 3556 intectae

125 3603 366 3718 relinquerent
352 3605 383 3662 et
404 3617 422 3659 a
443 3601 532 3683 poeta
552 3592 703 3680 prolectas
724 3597 876 3681 putarent,
898 3613 984 3678 quas,
990 3590 1035 3658 ιι
1052 3588 1226 3677 diligentius

126 3703 318 3792 inspexeris,
350 3719 410 3763 uon
432 3692 518 3760 modo
541 3713 559 3758 ιι
581 3691 651 3758 stilo
668 3692 851 3780 Sophocleo,
873 3689 927 3757 sed
948 3691 986 3754 ab
1008 3689 1088 3758 omui
1108 3691 1226 3768 omniuo

128 3802 311 3870 Graecorum
333 3793 544 3888 consuetudine
565 3791 703 3879 loquendi
724 3793 884 3858 abhorrere
905 3791 1018 3860 videas.
1066 3866 1069 3874 ‚
1180 3823 1183 3836 ·

217 3903 283 3977 Quo
304 3899 415 3966 meiere
437 3916 508 3960 cura
529 3892 662 3980 equidem
679 3913 882 3980 quaecumque
895 3891 927 3958 in
948 3893 1003 3958 bec
1024 3887 1153 3954 sabula
1145 3908 1226 3960 nnso-

126 4003 260 4070 lentiora
279 4002 451 4067 viderentur
472 3992 602 4060 notanda
624 4001 655 4057 et
676 3991 881 4074 examinanda,
903 3998 1028 4103 etque,:
1030 3989 1123 4067 sicubi
1140 3988 1227 4066 nullo
1281 3985 1288 3990 ’

126 4103 377 4219 relinquebatur
373 4095 530 4177 dubitatio,
564 4092 633 4180 quin
655 4099 794 4180 corrupta
814 4091 944 4156 codicum
965 4088 1043 4178 scrip
1047 4097 1112 4154 tora
1134 4097 1226 4171 esset,

56 4192 65 4203 ⁵
128 4225 290 4292 genurnam
302 4207 407 4289 qoetae
417 4217 533 4262 manum
543 4191 779 4279 investrgandam
789 4190 898 4289 qutqvu
933 4189 1018 4264 Quod
1027 4211 1091 4256 cum
1104 4198 1226 4255 strenue
1290 4234 1296 4244 ι

130 4303 240 4370 multos
262 4323 329 4398 per
337 4319 432 4366 anuos
453 4296 593 4386 facerem,
614 4290 832 4378 contugrtmrbu
846 4278 954 4358 utnon
975 4290 1073 4457 soqum
1091 4289 1226 4380 plurime,
