3002 5100
646 322 899 452 ἔθ’,

450 481 456 490 ·
557 478 760 498 -ιιιιι-ι-ι-κι-ρ

69 596 72 606 ·
111 580 185 654 est,
207 567 285 660 quod
308 541 681 639 ia‘euutcs'venetaol
707 569 867 660 particulo,
896 580 965 664 pust
986 569 1214 666 eracapere,
1292 565 1300 598 ³

115 671 282 756 omittitur,
302 691 358 760 pro
379 689 438 758 qna
459 691 545 758 quam
566 668 740 738 Brunckius
762 670 833 746 olins
854 670 1006 738 substituit
1026 677 1064 756 γὲ
1083 675 1222 768 particu-

116 771 195 856 lam,
224 793 289 841 eom
319 770 394 837 lerri
422 770 505 837 nullo
535 778 623 859 pacto
647 791 738 862 posse
763 791 781 834 a
807 772 1023 838 recentioribus
1051 769 1231 842 editoribus

114 871 231 937 recte
222 893 281 938 ram
302 871 445 938 monitum
467 879 523 940 est.
566 865 671 958 Neque
692 871 823 938 melioris
852 879 942 940 notae
963 873 1111 963 scriptura
1131 876 1214 942 Lau-

114 961 250 1038 rentiam
269 973 358 1061 primi
379 979 443 1056 est,
470 973 504 1037 in
525 991 589 1059 spuo
611 967 800 1058 umalama
820 992 874 1059 pro
896 967 1084 1057 προῦβαλιι
1104 983 1215 1044 exsut.

92 1071 171 1136 .οι
191 1091 249 1159 qua
269 1069 416 1140 varietate
437 1071 602 1162 seripmnae
625 1080 881 1137 commemoratum
903 1074 992 1138 etiam
1014 1074 1216 1155 aSchoIiasta
1327 1092 1338 1115 s

116 1180 185 1256 est,
214 1193 264 1260 qm
290 1170 327 1236 ad
355 1193 384 1238 v.
404 1171 478 1242 elo
503 1175 580 1242 haec
606 1172 774 1238 adnotavit
803 1169 994 1256 θέμιιδ’
1021 1170 1109 1240 lasci
1143 1200 1216 1260 μοι
1267 1189 1273 1196 “

115 1268 193 1351 τήν
213 1269 360 1358 θέμινι
382 1271 486 1388 θέμις
507 1270 582 1340 δέ’
566 1292 660 1358 εστιν
689 1267 777 1358 ᾐμᾶς
804 1267 1028 1360 καταρᾶσθαι
1048 1295 1102 1341 σοι
1108 1321 1123 1356 ,
1143 1275 1220 1342 lari

18 1361 22 1372 ’
116 1370 165 1437 οὐ
191 1372 337 1460 ιιροιέριι
362 1370 426 1452 erio
453 1369 578 1458 θέμιν
577 1366 784 1462 μἰιέρῥιιιιας
791 1373 852 1438 καὶ
880 1374 1056 1458 παρεῖδες
1088 1373 1148 1442 dolo
1178 1379 1215 1444 δι
1272 1442 1280 1458 ,
1345 1399 1350 1412 ’

115 1469 376 1558 repudi-adse,
396 1471 476 1540 α’ντι
502 1472 562 1538 τοι
589 1469 785 1570 φθάσασι
786 1470 848 1552 τήν
871 1472 976 1557 θέμιν
997 1473 1140 1542 aaronita
1163 1474 1215 1555 ι’ξ-

117 1569 240 1652 ruffio,
267 1567 329 1647 ἕως
357 1593 394 1640 ιι
420 1569 512 1640 aava
541 1570 581 1638 ro*
610 1569 747 1640 δίκαιον
763 1541 913 1660 πράξης
962 1573 999 1640 la
1028 1587 1144 1690 promtu
1167 1589 1215 1651 est

116 1683 218 1740 ιιιιιιι
245 1672 367 1758 ridere,
389 1674 474 1740 ¹harnc
501 1695 617 1762 quoqne
643 1673 863 1747 adnotationem
892 1696 953 1741 non
983 1677 1019 1742 ab
1047 1661 1215 1765 astiqlriore

117 1773 337 1857 Grammatico,
368 1771 424 1842 sed
452 1776 489 1844 ab
518 1775 687 1844 recentiore
708 1769 873 1863 interprete
894 1775 1034 1863 scriptum
1056 1795 1142 1861 esse,
1166 1781 1215 1867 qui

116 1895 159 1940 ne
186 1873 328 1940 mediocri
354 1871 472 1961 quidemr
501 1873 567 1962 ling
546 1896 624 1939 uuae
648 1895 778 1961 graecae
807 1874 934 1940 seientia
963 1876 1126 1944 instructus
1150 1891 1215 1946 erat
1301 1865 1317 1880 ⁰

118 1975 340 2064 exemplarique
367 1975 457 2081 huius
486 1975 606 2042 fabulae
639 1973 777 2040 utebatur
804 1975 899 2042 nihile
933 1977 1101 2065 integriore
1128 2000 1214 2064 quam
1289 1975 1294 1984 '

119 2075 418 2158 redimitione,
448 2061 498 2163 dui
527 2075 564 2140 nd
593 2083 727 2140 nostram
749 2083 877 2142 aetatem
897 2085 1108 2166 pervenerunt.
1151 2079 1214 2146 Pro
1341 2091 1355 2116 ⁸

119 2184 204 2246 certo
225 2176 304 2244 ιοιιιι
324 2175 491 2242 habendum
512 2185 578 2259 ost,
609 2175 755 2242 neminem
786 2199 918 2265 umquem
948 2176 1130 2246 Graecorum
1152 2176 1215 2258 τὴιι

120 2273 231 2360 θέμιν
251 2276 318 2342 τινι
346 2275 553 2360 προβάλλειν
581 2277 624 2340 ita
651 2284 704 2341 aut
729 2275 843 2342 dixisse
868 2285 920 2346 aut
949 2276 1049 2343 dicere
1070 2281 1215 2367 potuisse,

119 2386 153 2442 ιιι
174 2377 375 2464 significaret,
403 2377 481 2464 qnod
502 2351 674 2444 Scholiasta
694 2375 771 2460 uult,
798 2377 998 2446 iustitiam
1025 2381 1215 2464 abiicere,

18 2501 24 2516 ¹
119 2477 277 2546 violare.
294 2475 406 2552 Quod
429 2478 489 2542 ut
480 2478 541 2566 ipsi
560 2475 767 2565 intelligerent
788 2476 935 2562 editores,
957 2481 1006 2548 vel
1023 2481 1092 2548 solo
1115 2481 1214 2548 dativo

120 2578 176 2644 ool
198 2577 349 2644 admoneri
376 2575 532 2646 debebant.
578 2579 684 2666 Neque
709 2599 781 2661 vero
803 2555 980 2648 Hermanno
1003 2581 1103 2646 accedi
1124 2603 1215 2672 posse

71 2685 74 2699 '
120 2679 251 2762 videtur,
274 2680 324 2768 qui
346 2701 410 2744 cum
432 2679 468 2744 ad
491 2675 681 2800 πρρῦβαλις
702 2663 898 2763 adnotaverit,
919 2683 1070 2770 respicere
1091 2681 1214 2769 Η)ιιιιιιι
1249 2697 1253 2708 ’

121 2777 147 2848 ι’.
169 2779 213 2846 65
234 2803 278 2870 sq.
302 2782 338 2843 cl
359 2777 488 2865 ιιιιτρὸς
516 2773 602 2845 οὕτω
628 2775 735 2864 ὃαρόν
755 2776 952 2862 ἐξενωμένον
973 2777 1012 2844 rd
1033 2779 1079 2864 μή
1102 2782 1215 2848 πυθέ-

119 2881 211 2944 σθαι
231 2901 297 2945 που
309 2877 416 2961 ”στιν,
438 2873 599 2966 αισχὺνιρν
596 2879 733 2968 φέροι,
753 2879 797 2944 ita
811 2879 926 2945 videtur
943 2877 1005 2960 τήν
1027 2881 1130 2964 θέμιν
1150 2882 1216 2947 τινὶ

119 2979 326 3068 προβάλλειν
353 2983 524 3070 accepisse,
552 2989 586 3046 nt
610 2986 692 3046 esset
721 2979 804 3068 quasi
833 2973 948 3045 alicui
980 2982 1215 3070 impietatem

119 3083 299 3149 obiicere.
342 3080 406 3157 (luno
429 3103 518 3146 sensu
542 3090 574 3146 ut
594 3079 747 3172 paulisper
777 3079 1051 3170 concedam,“quod
1073 3081 1124 3148 vix
1146 3103 1215 3150 con·

120 3179 282 3248 cedendum
298 3191 376 3265 est,
404 3181 461 3254 dici
486 3181 540 3247 illa
565 3183 654 3246 verba
681 3179 847 3268 aliquando
863 3183 1013 3270 potuisse,
1041 3191 1139 3248 tamen
1167 3183 1216 3250 nic

119 3283 237 3372 quidem
270 3283 424 3372 quominus
457 3271 516 3347 dici
547 3283 682 3370 potuisse
716 3303 905 3363 censeamus,
939 3301 1062 3370 prorsus
1094 3283 1221 3373 impedit

119 3393 220 3450 mento
248 3392 319 3448 sunt
347 3384 440 3446 verba
470 3382 640 3472 sequentia,
677 3378 815 3447 πάντων
844 3377 985 3467 ἄριστον
1016 3379 1125 3467 ἄνδρα
1153 3385 1217 3450 τῶν

119 3485 172 3550 ἐπὶ
195 3482 303 3569 χθονὶ
331 3479 500 3550 κτείνασα.
545 3481 691 3558 Quibus·
682 3483 756 3573 ipsis
784 3501 848 3547 eum
873 3480 1042 3572 explicetur
1068 3485 1217 3550 sententia

29 3617 31 3622 ·
118 3585 289 3651 verborum
296 3583 430 3668 illorum,
444 3577 508 3650 hoc
531 3583 646 3674 quidem
667 3583 854 3650 manifestum
877 3590 940 3666 est,
961 3604 1021 3648 non
1043 3583 1130 3670 llylli
1151 3584 1216 3667 sulii,

30 3681 32 3721 ³
119 3685 172 3750 sed
194 3685 361 3750 Deianirae
389 3685 493 3751 matris
521 3685 628 3750 nnalnm
650 3684 765 3750 lacinus
791 3683 891 3750 verbis
912 3682 973 3750 illis
995 3691 1126 3749 notatum
1148 3705 1216 3750 esso

117 3785 239 3853 debere.
307 3863 312 3874 x

208 3903 291 3977 Quae
305 3885 379 3968 'cnm
400 3902 444 3971 ita
465 3903 542 3985 sint,
569 3923 630 3980 non
652 3904 710 3968 iam
732 3902 859 3969 dubitari
880 3921 969 3992 posse
991 3924 1112 3984 conseo,
1146 3904 1215 3991 quin

120 4003 167 4066 hic
199 4023 315 4092 quoque
347 4002 431 4068 locus
459 4003 647 4069 librariorum
673 4001 864 4091 negligentia
892 4000 992 4066 vitium
1019 4003 1214 4086 contraxerit,
1246 4067 1251 4074 ,

120 4110 349 4192 corruptumque
375 4103 546 4170 uocabulum
575 4102 679 4187 θέμιν
700 4103 755 4185 sit,
783 4102 876 4192 quod,
903 4100 952 4187 qui
972 4100 1107 4188 proxime
1129 4121 1215 4192 prae·

119 4200 258 4267 cedentia
279 4201 327 4268 vel
348 4203 446 4280 obiter
465 4205 643 4293 perlegerit,
668 4203 815 4270 niaximae
841 4221 910 4266 esse
930 4199 1089 4278 offensioni
1111 4223 1214 4269 eonce-

119 4299 169 4368 dat
190 4325 318 4372 necesse
340 4311 396 4370 est.
429 4304 533 4372 Ortum
555 4312 651 4370 autem
674 4302 782 4387 θέμιν
803 4300 871 4370 iude
893 4311 979 4390 puto,
1002 4299 1079 4389 quod
1100 4300 1213 4368 librarii
