3002 5100
753 298 758 308 ι

692 380 696 396 ¹
781 389 786 404 ι

561 427 566 436 “
693 401 716 468 b

609 494 813 516 ——nunu-p—

566 589 629 664 lle
654 615 685 666 ι.
711 593 735 668 7
758 617 831 712 sqq.

264 795 268 802 ·
230 744 398 830 ‘lirae
417 749 550 838 πατρὸς
569 755 631 837 μὲν
653 752 688 824 ιν
709 750 863 840 δόμοισιν
880 751 1006 834 Οινέιις

303 851 422 919 voiono
423 848 520 918 ἰ’νι
544 853 713 940 Πλευρῶνι
734 852 903 941 νυμφεῖον
925 853 1053 925 όκνον

228 951 230 970 “
304 945 470 1034 ἅλιιστσν
491 948 610 1040 ἔσχον,
621 953 674 1018 εἴ
690 975 740 1032 τις
759 948 911 1034 Αἰτωλὶς
932 953 1049 1042 puori.

219 1043 227 1056 “
301 1049 455 1138 paporrip
477 1049 544 1136 γδρ
565 1043 607 1132 ην
627 1075 686 1137 μοι
708 1051 884 1139 ποταμός,
900 1041 1060 1143 Αχελαισν
1081 1057 1179 1144 λέγω,

174 1146 317 1216 -10
307 1173 344 1226 ος
363 1172 387 1234 μ
419 1150 455 1216 ἐν
477 1152 600 1236 τρισὶν
598 1155 793 1264 μηριραῖσιν
814 1149 924 1243 ἐξῄτει
944 1154 1083 1245 πατρός,

195 1275 197 1289 ¹
301 1249 431 1338 φόιτῶν
437 1249 593 1336 ι’ναργης
614 1255 756 1348 ταιιρσς,
779 1250 896 1320 ἄλλοτ’
917 1248 1036 1332 αἰόλος
1143 1289 1147 1301 .

301 1347 437 1437 δράκων
457 1349 609 1434 ἑλικτάς,
631 1333 747 1418 ἄλλότ’
768 1351 935 1444 οένδρειρι
940 1355 1055 1450 τόιτιρΙ

300 1447 558 1572 βοόκρσινος,
581 1448 676 1520 ἐκδὲ
661 1455 844 1522 ὲδασκισν
865 1453 1063 1540 γενειάδος

233 1611 235 1618 ,
301 1552 432 1640 κρουνοὶ
456 1547 686 1640 διιρραινοντο
715 1551 875 1640 κρηιιαιον
896 1553 1009 1622 ποτοῦ

215 1652 276 1720 15.
301 1649 422 1738 τοιόνδ’
444 1650 507 1734 ἐγώ
527 1653 702 1738 μνηστῆρα
723 1649 1055 1742 τιροςδιδεγμόνη

299 1749 463 1836 δύστηνος
485 1750 537 1816 cici
561 1753 753 1820 κατθανεῖν
773 1751 968 1842 ἕπευχόμην,

215 1867 221 1872 ·
298 1853 377 1938 πρὶν
399 1853 497 1932 adeda
520 1852 635 1932 κοίτης
656 1843 922 1938 ε’,ιιιιελασδιῖναὶ
943 1869 1039 1923 ποτε.

231 1991 302 2070 lure
322 2003 506 2071 recentiores
529 2003 658 2071 editores
686 2027 716 2071 v.
739 2005 780 2071 12
801 2028 845 2093 sq.
871 2027 910 2070 ex
932 2003 1082 2072 Strabone
1103 2007 1145 2094 X,
1159 2007 1241 2086 ,458-

141 2103 241 2171 κύτει
261 2101 454 2193 βούπρῳρος
469 2125 522 2193 pro
541 2127 576 2169 eo
595 2103 713 2191 quodin
729 2105 878 2170 codicibus
890 2104 1047 2224 Sophoclis
1058 2109 1186 2198 positum
1200 2112 1244 2176 vi.

142 2203 268 2273 demus
261 2225 353 2292 τνιιω
368 2202 553 2290 βσνιιρσινος
563 2205 765 2274 restituerunt
786 2205 892 2293 Neque
903 2226 979 2274 enum
982 2208 1110 2296 intelli
1089 2210 1241 2277 ‘acutiores
1360 2253 1364 2268 -

139 2307 273 2373 lectores
295 2268 446 2394 ambigere
467 2312 607 2393 possunt,
633 2308 698 2370 utra
720 2306 823 2398 berum
844 2305 1003 2372 lectionum
1024 2317 1146 2396 poetae,
1173 2320 1241 2376 utra

139 2395 301 2495 interpreti
323 2405 474 2475 debeatur
517 2404 566 2470 lin
587 2405 711 2495 pmmurn
732 2387 898 2496 exemplum
923 2405 1045 2516 glossae
1071 2431 1089 2474 a
1110 2409 1240 2478 bbrarns

139 2529 213 2574 rece
235 2516 292 2572 tae.

151 2675 156 2684 ,
214 2529 334 2672 Pltein'
326 2605 399 2674 illud
421 2627 522 2672 omnes
544 2605 758 2672 intellexerunt
773 2606 914 2691 editores,
936 2606 986 2694 qai
1007 2627 1067 2672 non
1089 2609 1241 2696 ignorant,

141 2709 248 2795 quibus
269 2707 475 2773 vocabulorum
496 2706 631 2772 lernris
622 2729 653 2770 ιιι
676 2707 818 2772 trimetris
840 2707 972 2784 iambicis
991 2687 1077 2773 locus
1099 2712 1241 2780 conceda·
1282 2773 1285 2776 .

141 2821 208 2901 tur,
226 2832 285 2876 non
306 2829 396 2898 posse
414 2806 591 2904 Sophoclem
612 2807 680 2872 v..7
697 2808 811 2894 epicum
834 2803 883 2870 ἔνι’
908 2808 1044 2895 posuisse
1061 2795 1241 2896 existimari,

138 2911 317 2999 praesertim
340 2931 405 2976 cum
426 2929 465 2972 ne
491 2907 632 2996 scriptum
659 2907 774 2993 quidem
800 2905 907 2972 illud
898 2929 930 2971 ιιι
951 2907 1069 2995 optimis
1091 2901 1242 2978 codicibus

137 3010 303 3094 videamus,
326 3010 375 3097 qui
395 3005 431 3072 ἐν
438 3001 604 3096 praebent.
649 3007 744 3082 (luam
769 3008 807 3074 eb
834 3027 951 3072 censam
974 3006 1023 3094 qui
1044 3009 1241 3096 meminerint,

140 3110 258 3197 quoties
286 3111 385 3182 dativo
407 3109 466 3174 loci
494 3109 530 3173 ab
556 3106 805 3196 interpretibus
789 3129 825 3172 εν
845 3107 1026 3198 praepositio
1053 3112 1189 3199 appositu
1209 3120 1241 3179 et

140 3233 162 3287 a
185 3211 312 3276 librariis
335 3219 455 3299 recepta
476 3209 531 3292 sit,
557 3217 589 3275 ut
614 3210 723 3274 sactum
750 3208 878 3296 exempli
900 3209 999 3294 gratia
1019 3209 1068 3278 El.
1092 3209 1179 3302 1742,
1202 3235 1240 3280 ee

138 3313 237 3376 minus
260 3311 449 3400 dubitabunt,
471 3308 541 3397 quin
563 3305 779 3376 hoc'loco‘irc
801 3307 979 3392 adverbium,
1001 3310 1104 3376 sensui
1125 3335 1239 3378 accom·
1328 3333 1333 3341 “

138 3412 382 3498 modatissimum,
398 3409 611 3476 restituendum
633 3409 684 3492 sit,
706 3431 763 3496 quo
780 3407 932 3474 molestior
946 3412 1142 3499 praegressis
1150 3411 1237 3481 modo
1281 3499 1284 3508 y
1323 3423 1336 3444 Γ·
1411 3427 1418 3438 “

138 3513 240 3578 verbis
262 3510 298 3578 ιν
320 3507 473 3596 δόμοισιν
499 3509 679 3599 praepositio
701 3507 737 3572 ιν
758 3518 828 3574 ante
854 3531 960 3574 nomen
984 3509 1160 3596 Πλευρῶνι
1182 3521 1238 3582 est.
1265 3581 1272 3588 ,

137 3615 189 3680 lta
209 3615 342 3680 intrav
367 3612 436 3679 172.
460 3606 632 3730 ιιισιιιιιι,
610 3631 651 3684 ως
677 3605 741 3688 τήν
767 3606 923 3674 παλαιόν
946 3609 1060 3698 φηγόν
1085 3610 1238 3720 ον’δῆσαό

137 3735 220 3778 ποτε
244 3711 402 3798 Ampelos
424 3708 582 3777 δισσῶν’
567 3731 604 3776 εκ
626 3705 850 3775 πελειοιδιιν”
832 3733 966 3800 εφη.-

225 3803 340 3882 Contra
365 3813 557 3879 vehementer
582 3809 813 3876 dissentiendum
840 3812 911 3876 mibi
937 3813 974 3878 ab
1002 3813 1163 3879 editoribus
1190 3837 1238 3880 re-

137 3917 319 3983 cautioribus
335 3921 392 3998 est,
412 3913 488 4000 qnod
504 3935 557 4002 pro
569 3907 682 3990 ὄκνον,
699 3933 774 3999 quae
789 3913 917 3977 omnium
932 3913 1069 3979 codicum
1091 3915 1239 4018 scriptura

137 4027 196 4101 est,
209 4040 249 4083 ex
262 4015 384 4082 scholiis
393 4012 496 4079 ὄτλον
506 4020 691 4100 receperunt.
713 4011 845 4078 Primum
857 4013 984 4078 multos'
975 4035 1005 4078 nn
1018 4013 1139 4078 scholiis
1142 4036 1236 4101 ,puae

135 4121 169 4184 in
187 4117 368 4186 Trachinius
389 4115 502 4204 scripta
518 4122 603 4196 sunt,
624 4113 723 4177 varias
744 4112 890 4178 lectiones
912 4113 1132 4194 commemorari
1152 4115 1235 4182 vilis·

134 4221 228 4284 sinnas
244 4217 512 4306 ineptissimasque,
530 4214 725 4280 certissimum
736 4221 793 4290 eat.
816 4211 950 4298 Consule
966 4200 1162 4281 comment.
1178 4236 1236 4282 no·

138 4327 253 4453 stram
271 4319 317 4428 de
340 4315 525 4386 Scholia
547 4314 656 4403 Sopb.
680 4321 800 4400 tragg.
824 4313 1050 4477 auctorrtppe
1071 4333 1099 4409 p
1115 4310 1320 4402 ιιιηιι
