3000 5108
799 365 871 447 llt‘

370 553 667 651 ἦρ’,Ἆχιλεύςύ
688 551 858 649 &rinocore
879 559 933 631 tae
952 563 1081 654 δμωῇσι
1103 563 1265 648 κέλευσεν,
1320 561 1330 634 s
1402 584 1408 594 ·
1460 558 1461 578 ¹

365 662 513 750 ’δέμνι’
533 662 593 730 ὑπ’
614 657 770 754 αἰθούσῃ
795 665 999 750 θέμεναι,
1023 664 1081 754 καὶ
1100 661 1216 750 ῥήγεα
1228 665 1322 732 καλαὶ

375 761 541 854 πορφύρε’
553 763 741 851 ἐμβαλέειν,
757 764 915 850 σέορὲσαι
925 763 951 830 τ’
961 764 1134 855 ἐφύπερθε
1150 766 1322 848 τάπητας,

362 855 511 952 postne
524 862 563 929 -τ’
584 864 767 952 ἐνθέμεναι
785 863 889 942 σύλας
908 863 1134 952 καθύπερθεν
1155 859 1321 931 ἕσασθαι.
1343 883 1349 893 ·

372 967 409 1030 αἱ
428 964 555 1032 ὃίἴσαν
574 964 611 1031 ἐκ
626 963 786 1053 μεγάροιο
791 1013 805 1049 ,
830 964 914 1042 δύος
931 964 1020 1051 μετα
1037 962 1151 1053 χερσὶν
1171 963 1320 1052 ἐ’χονσσι.

372 1054 464 1156 αἶψα
483 1062 513 1133 δ’
532 1062 601 1154 ἄρα
622 1070 830 1154 στόρεσαν
851 1067 952 1133 δοιώ
973 1065 1071 1154 λέχε’
1093 1067 1333 1180 ἐμκονὲουσαιρ
1383 1108 1387 1115 -
1479 1100 1483 1112 ν

284 1255 383 1320 Porro
413 1273 488 1340 quae
516 1253 619 1317 nutrix
646 1274 675 1318 v.
696 1251 760 1317 905
768 1275 856 1343 sq.
848 1253 906 1336 ait,
937 1252 1033 1316 κλαῖε
1060 1251 1089 1316 d
1119 1249 1268 1340 ὀργάνων
1297 1245 1396 1322 ὅτου

285 1348 467 1443 ψαύσειεν,
492 1340 545 1428 οἷς
572 1349 687 1438 ε’χρῆτο
717 1327 849 1420 δειλαία
879 1349 1008 1440 colpos,
1036 1375 1208 1448 quamquam
1223 1367 1261 1420 ut
1283 1356 1393 1424 adhuc

284 1463 405 1544 praeter
426 1453 633 1541 Musgravium
654 1453 766 1518 nemini
787 1453 932 1518 editorum
954 1443 1183 1544 displicuerunt,
1210 1456 1280 1520 ita
1272 1479 1303 1520 ιιι
1329 1480 1392 1546 po-

121 1585 125 1592 *
242 1616 244 1625 ,
285 1563 398 1620 storum
419 1555 509 1620 etiam
530 1555 647 1619 futuros
670 1576 738 1620 esse
760 1554 861 1637 video,
883 1556 949 1641 qui,
971 1577 1035 1620 cum
1058 1555 1131 1619 nihil
1152 1563 1229 1656 nod,
1251 1557 1362 1642 quod
1346 1583 1391 1627 ιιι

285 1654 436 1722 codicibus
457 1655 600 1743 scriptum
620 1655 825 1743 reppererint,
848 1655 1034 1721 defendenda
1053 1663 1173 1742 putent,
1193 1663 1274 1720 recte
1295 1655 1397 1728 dieta

283 1777 352 1822 esse
381 1756 558 1845 opinentur,
586 1762 684 1826 tamen
714 1776 772 1842 ego
795 1756 922 1842 quidem,
955 1777 1020 1830 cnm
1041 1756 1148 1818 ionum
1168 1752 1284 1843 poetam
1305 1761 1389 1843 quid

283 1851 388 1954 deceat
409 1856 576 1939 considero,
591 1877 667 1920 sana
688 1863 720 1920 et
737 1857 859 1942 integro
875 1877 943 1920 esse
959 1877 1117 1941 numquam
1134 1855 1259 1924 credam.
1282 1857 1388 1924 Cuius

281 1959 327 2024 rei
340 1968 441 2022 causo
467 1957 543 2021 haec
568 1965 630 2039 est,
657 1955 749 2045 qnod,
776 1975 841 2020 cum
867 1951 1010 2057 deponor
1038 1955 1166 2019 cuiusvis
1188 1957 1307 2042 generis
1331 1959 1387 2022 in-

281 2065 492 2124 strumentum
487 2056 666 2144 significet,
698 2059 817 2144 minime
838 2049 970 2143 intelligi
990 2063 1108 2144 potest,
1130 2075 1182 2119 cur
1202 2055 1385 2123 lacrimasse

279 2159 429 2223 Deianira
450 2157 575 2240 dicatur,
598 2159 713 2246 quoties
735 2134 846 2244 aliquid
866 2158 1138 2240 instrumentorum,
1160 2157 1262 2243 quibus
1284 2167 1385 2246 antea

163 2281 169 2284 ·
203 2273 206 2278 '
279 2279 335 2324 usa
356 2249 414 2341 sit,
439 2258 585 2345 attigerit.
627 2259 674 2324 Ac
694 2258 818 2340 fallitur,
837 2279 921 2344 quem
942 2257 1123 2321 recentiores
1145 2255 1259 2342 quidam
1280 2259 1383 2326 inter-

277 2367 379 2448 pretes
400 2355 579 2446 probarunt,
608 2357 815 2442 Camerarius,
843 2360 892 2446 qui
912 2357 1063 2440 „Flebat‚
1084 2358 1195 2444 inquit,
1216 2359 1380 2443 Deianira,

279 2458 398 2544 siquid
426 2460 596 2544 attigisset,
624 2479 682 2543 quo
712 2458 755 2520 uti
776 2460 859 2545 prius
882 2459 1104 2542 consuevisset,
1135 2461 1286 2545 requirens
1306 2463 1379 2546 pri-

277 2559 387 2623 stinum
409 2579 504 2624 usum.
546 2555 766 2643 Intelligendac
782 2566 879 2622 autem
899 2560 977 2622 telae
999 2568 1030 2622 et
1051 2509 1143 2641 terito,
1164 2559 1234 2642 lusi,
1254 2551 1376 2626 ιιύιιε.ιι

274 2660 353 2724 Nam
374 2660 499 2747 primum
519 2680 578 2745 quo
598 2657 745 2722 tandem'
737 2679 802 2722 rure
823 2659 989 2724 istiusmodi
1009 2659 1205 2723 instrumenta
1218 2656 1280 2725 solo
1298 2661 1378 2724 suh-

253 2761 405 2826 'stantiv'o
428 2753 580 2846 ὀργάνων
601 2759 767 2846 significam'
787 2764 971 2848 potueruutt
958 2759 1142 2826 tDoinde
1163 2761 1230 2848 qnid
1251 2761 1379 2826 tandem

106 2852 108 2860 ¹
158 2915 190 2928 ..
274 2861 484 2950 impedimento
511 2868 595 2944 erat,
619 2859 777 2948 quominus
809 2863 840 2925 in
874 2871 1025 2950 posterum
1054 2863 1142 2926 edam
1165 2861 1377 2928 instrumentis

273 2961 335 3027 illis
354 2957 502 3027 Deianira
522 2967 679 3027 uteretnrt
719 2961 818 3036 Quam
841 2962 955 3076 quidem
978 2984 1050 3049 quas
1073 2961 1218 3049 querellas
1240 2959 1377 3028 edidisse

273 3084 371 3177 psqne
403 3063 441 3130 a'd
469 3085 498 3128 v.
519 3062 593 3129 911
621 3063 722 3128 nutrix
750 3064 858 3144 refert,
867 3063 1003 3149 minime
1027 3083 1062 3130 ao
1090 3069 1261 3150 spectasse,
1292 3065 1376 3148 quod

136 3187 141 3196 ·
226 3197 231 3202 -
272 3163 339 3249 ipsa
363 3164 422 3228 iam
442 3184 476 3227 e
494 3163 557 3226 vita
584 3162 754 3230 discessura
780 3166 876 3246 esset,
902 3185 966 3227 cum
993 3163 1110 3227 aliunde
1138 3175 1279 3278 apparet,
1307 3171 1377 3230 tum
1472 3211 1476 3220 ,

172 3301 180 3318 ε
274 3263 416 3351 imprimis
439 3285 506 3328 ev.
528 3261 593 3328 ool
613 3287 677 3351 sq:
748 3275 749 3280 ’

411 3413 571 3500 βρνχατο
591 3417 653 3500 μ
633 3415 818 3499 νβωμοῖσι
839 3413 1094 3504 προςαὶιιτονσ’,
1119 3407 1141 3481 δ’
1148 3438 1185 3480 τι

423 3513 582 3600 γένοιτ’
608 3513 745 3612 ἐρήμη,
927 3531 929 3540 ’

268 3705 361 3770 Immo
383 3703 561 3792 simulatque
583 3727 620 3770 ea
640 3703 714 3770 lecit
735 3704 867 3800 dixitque
887 3705 1049 3784 Deianira,
1071 3701 1372 3789 ex'quilusconiici

268 3813 382 3894 posset,
412 3805 495 3888 lore,
522 3813 555 3870 ut
585 3807 652 3894 ipsa
678 3807 768 3870 finem
801 3807 880 3870 vitae
909 3827 981 3869 suae
1013 3805 1192 3890 imponeret,
1221 3803 1370 3868 continuo

267 3907 368 3972 nutrix
396 3906 459 3972 elus
488 3906 536 3999 rei
561 3903 779 3995 impediendae
797 3927 886 3970 causa
914 3905 951 3968 cd
972 3904 1096 3991 Hyllum
1125 3903 1215 3967 lilium
1237 3923 1279 3964 se
1291 3922 1372 3988 pro-

266 4009 389 4092 potuoue
418 4013 539 4091 narrat,
566 4029 595 4072 v.
617 4005 681 4071 927
703 4029 766 4093 sqq.
795 4004 887 4089 noya
913 3999 1058 4087 δρομαία
1088 3997 1184 4084 flcio,
1216 3995 1369 4098 σ’σσνιιερ

266 4097 431 4186 laniator,
453 4113 517 4178 otc.
561 4107 667 4195 Itaque
697 4107 954 4202 improbandus
932 4107 1019 4169 etiam
1048 4101 1220 4190 ecquidem
1241 4103 1369 4168 nomine

267 4201 436 4272 ttctultnetn
468 4215 557 4292 ert,
567 4209 644 4296 quod
673 4207 845 4272 lacrimasse
873 4182 1048 4271 Deianiram
1074 4210 1192 4293 putat,
1207 4201 1283 4288 quod
1311 4224 1367 4266 rc-
1446 4258 1454 4266 .

266 4297 409 4372 lictum
401 4326 459 4376 rum
485 4307 539 4376 illo
559 4309 757 4377 instrumenta
779 4315 875 4393 esset,
903 4311 1056 4395 quamuis
1048 4304 1135 4370 idem
1151 4304 1216 4401 alia
1236 4295 1366 4368 adnota-
