<?xml version="1.0" encoding="UTF-8"?>
<!DOCTYPE html PUBLIC "-//W3C//DTD XHTML 1.0 Transitional//EN"
    "http://www.w3.org/TR/xhtml1/DTD/xhtml1-transitional.dtd">
<html xmlns="http://www.w3.org/1999/xhtml" xml:lang="en" lang="en">
 <head>
  <title>
</title>
<meta http-equiv="Content-Type" content="text/html;charset=utf-8" />
  <meta name='ocr-system' content='tesseract 3.04.00' />
  <meta name='ocr-capabilities' content='ocr_page ocr_carea ocr_par ocr_line ocrx_word'/>
</head>
<body>
  <div class='ocr_page' id='page_1' title='image "./eduardiwunderie00wundgoog/eduardiwunderie00wundgoog_0203.png"; bbox 0 0 3028 5096; ppageno 0'>
   <div class='ocr_carea' id='block_1_1' title="bbox 286 587 1308 1283">
    <p class='ocr_par' dir='ltr' id='par_1_1' title="bbox 286 587 1308 1283">
     <span class='ocr_line' id='line_1_1' title="bbox 392 587 1096 683; baseline -0.01 -19"><span class='ocrx_word' id='word_1_1' title='bbox 392 593 434 664; x_wconf 72' lang='grc' dir='ltr'>ὃν</span> <span class='ocrx_word' id='word_1_2' title='bbox 452 617 514 663; x_wconf 79' lang='lat' dir='ltr'>m</span> <span class='ocrx_word' id='word_1_3' title='bbox 532 589 693 683; x_wconf 65' lang='lat' dir='ltr'>metim</span> <span class='ocrx_word' id='word_1_4' title='bbox 708 587 806 671; x_wconf 69' lang='lat' dir='ltr'>onoc</span> <span class='ocrx_word' id='word_1_5' title='bbox 827 593 976 680; x_wconf 65' lang='grc' dir='ltr'>ἔμπαλιν</span> <span class='ocrx_word' id='word_1_6' title='bbox 997 592 1096 678; x_wconf 73' lang='grc' dir='ltr'>λέγει</span> 
     </span>
     <span class='ocr_line' id='line_1_2' title="bbox 312 685 1271 782; baseline -0.003 -20"><span class='ocrx_word' id='word_1_7' title='bbox 312 737 315 742; x_wconf 95' lang='grc'>-</span> <span class='ocrx_word' id='word_1_8' title='bbox 392 691 470 762; x_wconf 72' lang='grc' dir='ltr'>ἀλλ’</span> <span class='ocrx_word' id='word_1_9' title='bbox 490 690 579 774; x_wconf 71' lang='grc' dir='ltr'><strong><em>ἡνίκ’</em></strong></span> <span class='ocrx_word' id='word_1_10' title='bbox 597 693 662 761; x_wconf 75' lang='lat' dir='ltr'>oda</span> <span class='ocrx_word' id='word_1_11' title='bbox 684 693 803 762; x_wconf 70' lang='grc' dir='ltr'>ἔπειθε</span> <span class='ocrx_word' id='word_1_12' title='bbox 824 695 885 762; x_wconf 74' lang='grc' dir='ltr'>τὸν</span> <span class='ocrx_word' id='word_1_13' title='bbox 904 685 1122 782; x_wconf 72' lang='lat' dir='ltr'>moruuuo&#39;nov</span> <span class='ocrx_word' id='word_1_14' title='bbox 1265 705 1271 714; x_wconf 82' lang='grc'><strong>“</strong></span> 
     </span>
     <span class='ocr_line' id='line_1_3' title="bbox 286 793 1195 882; baseline 0 -20"><span class='ocrx_word' id='word_1_15' title='bbox 286 796 353 866; x_wconf 71' lang='lat' dir='ltr'>mo</span> <span class='ocrx_word' id='word_1_16' title='bbox 393 797 457 877; x_wconf 77' lang='grc' dir='ltr'>τήν</span> <span class='ocrx_word' id='word_1_17' title='bbox 476 795 588 861; x_wconf 69' lang='lat' dir='ltr'>mma</span> <span class='ocrx_word' id='word_1_18' title='bbox 607 795 745 876; x_wconf 66' lang='lat' dir='ltr'>amm,</span> <span class='ocrx_word' id='word_1_19' title='bbox 766 795 910 881; x_wconf 73' lang='grc' dir='ltr'>κρύφιον</span> <span class='ocrx_word' id='word_1_20' title='bbox 930 793 975 872; x_wconf 76' lang='grc' dir='ltr'>ὥς</span> <span class='ocrx_word' id='word_1_21' title='bbox 997 793 1065 881; x_wconf 77' lang='grc' dir='ltr'>ἔχοι</span> <span class='ocrx_word' id='word_1_22' title='bbox 1085 793 1195 882; x_wconf 73' lang='grc' dir='ltr'>λέχος,</span> 
     </span>
     <span class='ocr_line' id='line_1_4' title="bbox 392 890 1105 1014; baseline 0 -52"><span class='ocrx_word' id='word_1_23' title='bbox 392 893 547 982; x_wconf 74' lang='grc' dir='ltr'>ἔγκλημα</span> <span class='ocrx_word' id='word_1_24' title='bbox 566 894 692 981; x_wconf 71' lang='grc' dir='ltr'>μικρὸν</span> <span class='ocrx_word' id='word_1_25' title='bbox 709 890 827 962; x_wconf 73' lang='grc' dir='ltr'><strong><em>αἰτίαν</em></strong></span> <span class='ocrx_word' id='word_1_26' title='bbox 834 894 923 962; x_wconf 70' lang='grc' dir='ltr'>“”θ</span> <span class='ocrx_word' id='word_1_27' title='bbox 907 895 1105 1014; x_wconf 67' lang='lat' dir='ltr'>escendune,</span> 
     </span>
     <span class='ocr_line' id='line_1_5' title="bbox 390 987 1145 1117; baseline -0.003 -54"><span class='ocrx_word' id='word_1_28' title='bbox 390 993 623 1117; x_wconf 69' lang='grc' dir='ltr'>ἐιιιιιτράιιύιι</span> <span class='ocrx_word' id='word_1_29' title='bbox 643 991 796 1082; x_wconf 56' lang='lat' dir='ltr'>motta</span> <span class='ocrx_word' id='word_1_30' title='bbox 817 995 883 1077; x_wconf 75' lang='grc' dir='ltr'>τήν</span> <span class='ocrx_word' id='word_1_31' title='bbox 902 995 1043 1080; x_wconf 69' lang='lat' dir='ltr'>andrae,</span> <span class='ocrx_word' id='word_1_32' title='bbox 1067 987 1145 1061; x_wconf 74' lang='grc' dir='ltr'>ἐν</span> <span class='ocrx_word' id='word_1_33' title='bbox 1123 1019 1144 1086; x_wconf 87' lang='grc' dir='ltr'><em>η</em></span> 
     </span>
     <span class='ocr_line' id='line_1_6' title="bbox 391 1063 1205 1183; baseline -0.003 -19"><span class='ocrx_word' id='word_1_34' title='bbox 391 1098 454 1164; x_wconf 76' lang='grc' dir='ltr'>τόν</span> <span class='ocrx_word' id='word_1_35' title='bbox 473 1094 643 1183; x_wconf 76' lang='grc' dir='ltr'><strong><em>Εὔρυτον</em></strong></span> <span class='ocrx_word' id='word_1_36' title='bbox 648 1085 791 1163; x_wconf 76' lang='grc' dir='ltr'><strong><em>τόνδ’</em></strong></span> <span class='ocrx_word' id='word_1_37' title='bbox 757 1119 831 1162; x_wconf 77' lang='lat' dir='ltr'>seue</span> <span class='ocrx_word' id='word_1_38' title='bbox 851 1096 1031 1176; x_wconf 71' lang='grc' dir='ltr'><strong><em>δεσπόζειν</em></strong></span> <span class='ocrx_word' id='word_1_39' title='bbox 1050 1063 1205 1182; x_wconf 56' lang='lat' dir='ltr'>optior·</span> 
     </span>
     <span class='ocr_line' id='line_1_7' title="bbox 393 1193 1308 1283; baseline -0.003 -19"><span class='ocrx_word' id='word_1_40' title='bbox 393 1196 517 1264; x_wconf 77' lang='grc' dir='ltr'>κτείνει</span> <span class='ocrx_word' id='word_1_41' title='bbox 538 1195 567 1263; x_wconf 78' lang='grc' dir='ltr'>ι’</span> <span class='ocrx_word' id='word_1_42' title='bbox 586 1193 718 1264; x_wconf 72' lang='grc' dir='ltr'><strong><em>ἄνακτα</em></strong></span> <span class='ocrx_word' id='word_1_43' title='bbox 737 1197 868 1283; x_wconf 70' lang='lat' dir='ltr'>minu</span> <span class='ocrx_word' id='word_1_44' title='bbox 889 1193 985 1276; x_wconf 69' lang='lat' dir='ltr'>miodo</span> <span class='ocrx_word' id='word_1_45' title='bbox 1006 1197 1066 1262; x_wconf 69' lang='lat' dir='ltr'>nt</span> <span class='ocrx_word' id='word_1_46' title='bbox 1085 1194 1184 1262; x_wconf 68' lang='lat' dir='ltr'>aditu</span> <span class='ocrx_word' id='word_1_47' title='bbox 1304 1209 1308 1220; x_wconf 96' lang='grc'><strong>’</strong></span> 
     </span>
    </p>
   </div>
   <div class='ocr_carea' id='block_1_2' title="bbox 131 1295 571 1388">
    <p class='ocr_par' dir='ltr' id='par_1_2' title="bbox 131 1295 571 1388">
     <span class='ocr_line' id='line_1_8' title="bbox 131 1295 571 1388; baseline -0.011 -20"><span class='ocrx_word' id='word_1_48' title='bbox 131 1377 151 1388; x_wconf 45' lang='grc'><strong>-</strong></span> <span class='ocrx_word' id='word_1_49' title='bbox 283 1295 571 1385; x_wconf 47' lang='lat' dir='ltr'>&amp;furnum</span> 
     </span>
    </p>
   </div>
   <div class='ocr_carea' id='block_1_3' title="bbox 237 1427 1336 1575">
    <p class='ocr_par' dir='ltr' id='par_1_3' title="bbox 237 1427 1336 1575">
     <span class='ocr_line' id='line_1_9' title="bbox 237 1427 1336 1575; baseline -0.001 -23"><span class='ocrx_word' id='word_1_50' title='bbox 237 1487 429 1552; x_wconf 80' lang='lat' dir='ltr'>Narratun</span> <span class='ocrx_word' id='word_1_51' title='bbox 420 1507 479 1550; x_wconf 83' lang='lat' dir='ltr'>ram</span> <span class='ocrx_word' id='word_1_52' title='bbox 498 1506 591 1574; x_wconf 87' lang='lat' dir='ltr'>supra</span> <span class='ocrx_word' id='word_1_53' title='bbox 610 1495 660 1551; x_wconf 86' lang='lat' dir='ltr'>est</span> <span class='ocrx_word' id='word_1_54' title='bbox 679 1506 709 1575; x_wconf 91' lang='lat' dir='ltr'>p</span> <span class='ocrx_word' id='word_1_55' title='bbox 724 1483 789 1552; x_wconf 72' lang='lat'>167</span> <span class='ocrx_word' id='word_1_56' title='bbox 799 1507 855 1570; x_wconf 74' lang='lat' dir='ltr'>sip,</span> <span class='ocrx_word' id='word_1_57' title='bbox 876 1483 1048 1568; x_wconf 76' lang='lat' dir='ltr'>Herculem,</span> <span class='ocrx_word' id='word_1_58' title='bbox 1068 1491 1102 1548; x_wconf 89' lang='lat' dir='ltr'>ut</span> <span class='ocrx_word' id='word_1_59' title='bbox 1126 1427 1336 1551; x_wconf 38' lang='lat' dir='ltr'>contumeliam·</span> 
     </span>
    </p>
   </div>
   <div class='ocr_carea' id='block_1_4' title="bbox 226 1567 1398 2103">
    <p class='ocr_par' dir='ltr' id='par_1_4' title="bbox 226 1567 1329 2077">
     <span class='ocr_line' id='line_1_10' title="bbox 238 1567 1329 1682; baseline -0.004 -30"><span class='ocrx_word' id='word_1_60' title='bbox 238 1567 449 1669; x_wconf 80' lang='lat' dir='ltr'>ulcisceretur,</span> <span class='ocrx_word' id='word_1_61' title='bbox 478 1607 538 1672; x_wconf 81' lang='lat' dir='ltr'>qua</span> <span class='ocrx_word' id='word_1_62' title='bbox 560 1587 599 1655; x_wconf 81' lang='lat' dir='ltr'>ah</span> <span class='ocrx_word' id='word_1_63' title='bbox 623 1587 759 1673; x_wconf 84' lang='lat' dir='ltr'>Euryto,</span> <span class='ocrx_word' id='word_1_64' title='bbox 794 1608 869 1673; x_wconf 77' lang='lat' dir='ltr'>rege</span> <span class='ocrx_word' id='word_1_65' title='bbox 897 1584 1075 1668; x_wconf 71' lang='lat' dir='ltr'>Oechaliae,</span> <span class='ocrx_word' id='word_1_66' title='bbox 1103 1585 1227 1664; x_wconf 68' lang='lat' dir='ltr'>allectus</span> <span class='ocrx_word' id='word_1_67' title='bbox 1254 1587 1329 1682; x_wconf 84' lang='lat' dir='ltr'>erat,</span> 
     </span>
     <span class='ocr_line' id='line_1_11' title="bbox 238 1685 1398 1778; baseline -0.004 -24"><span class='ocrx_word' id='word_1_68' title='bbox 238 1687 333 1754; x_wconf 81' lang='lat' dir='ltr'>lilium</span> <span class='ocrx_word' id='word_1_69' title='bbox 358 1687 424 1750; x_wconf 88' lang='lat' dir='ltr'>cius</span> <span class='ocrx_word' id='word_1_70' title='bbox 432 1685 617 1776; x_wconf 85' lang='lat' dir='ltr'>,lphitum,</span> <span class='ocrx_word' id='word_1_71' title='bbox 642 1709 708 1752; x_wconf 86' lang='lat' dir='ltr'>cum</span> <span class='ocrx_word' id='word_1_72' title='bbox 734 1685 918 1773; x_wconf 77' lang='lat' dir='ltr'>Tirynthem</span> <span class='ocrx_word' id='word_1_73' title='bbox 943 1687 1093 1768; x_wconf 78' lang='grc' dir='ltr'>ιιιίιιιι,</span> <span class='ocrx_word' id='word_1_74' title='bbox 1119 1702 1227 1772; x_wconf 83' lang='lat' dir='ltr'>equas,</span> <span class='ocrx_word' id='word_1_75' title='bbox 1255 1695 1398 1778; x_wconf 77' lang='lat' dir='ltr'>quae</span> 
     </span>
     <span class='ocr_line' id='line_1_12' title="bbox 237 1736 1329 1877; baseline -0.003 -24"><span class='ocrx_word' id='word_1_76' title='bbox 237 1789 319 1877; x_wconf 85' lang='lat' dir='ltr'>patri</span> <span class='ocrx_word' id='word_1_77' title='bbox 338 1736 482 1874; x_wconf 80' lang='lat' dir='ltr'>ahreplae</span> <span class='ocrx_word' id='word_1_78' title='bbox 502 1787 606 1870; x_wconf 79' lang='lat' dir='ltr'>erant,</span> <span class='ocrx_word' id='word_1_79' title='bbox 626 1787 907 1874; x_wconf 69' lang='lat' dir='ltr'>iuvesugauru,</span> <span class='ocrx_word' id='word_1_80' title='bbox 898 1787 1089 1876; x_wconf 77' lang='lat' dir='ltr'>inprovisum</span> <span class='ocrx_word' id='word_1_81' title='bbox 1109 1784 1146 1850; x_wconf 92' lang='lat' dir='ltr'>de</span> <span class='ocrx_word' id='word_1_82' title='bbox 1166 1793 1265 1854; x_wconf 90' lang='lat' dir='ltr'>monte</span> <span class='ocrx_word' id='word_1_83' title='bbox 1285 1785 1329 1850; x_wconf 86' lang='lat' dir='ltr'>al-</span> 
     </span>
     <span class='ocr_line' id='line_1_13' title="bbox 226 1885 1328 2004; baseline -0.005 -48"><span class='ocrx_word' id='word_1_84' title='bbox 226 1887 356 1956; x_wconf 81' lang='lat' dir='ltr'>tissimo</span> <span class='ocrx_word' id='word_1_85' title='bbox 353 1888 596 2004; x_wconf 68' lang='lat' dir='ltr'>praecipitasse.</span> <span class='ocrx_word' id='word_1_86' title='bbox 637 1888 675 1956; x_wconf 93' lang='lat' dir='ltr'>ld</span> <span class='ocrx_word' id='word_1_87' title='bbox 690 1889 807 1956; x_wconf 81' lang='lat' dir='ltr'>lacinus</span> <span class='ocrx_word' id='word_1_88' title='bbox 824 1887 958 1975; x_wconf 80' lang='lat' dir='ltr'>graviter</span> <span class='ocrx_word' id='word_1_89' title='bbox 973 1885 1149 1974; x_wconf 71' lang='lat' dir='ltr'><strong>indignante</strong></span> <span class='ocrx_word' id='word_1_90' title='bbox 1165 1885 1236 1953; x_wconf 85' lang='lat' dir='ltr'>love</span> <span class='ocrx_word' id='word_1_91' title='bbox 1251 1887 1328 1976; x_wconf 88' lang='lat' dir='ltr'>ipso,</span> 
     </span>
     <span class='ocr_line' id='line_1_14' title="bbox 240 1987 1327 2103; baseline -0.002 -49"><span class='ocrx_word' id='word_1_92' title='bbox 240 1998 274 2054; x_wconf 94' lang='lat' dir='ltr'>ut</span> <span class='ocrx_word' id='word_1_93' title='bbox 299 1989 391 2055; x_wconf 90' lang='lat' dir='ltr'>occisi</span> <span class='ocrx_word' id='word_1_94' title='bbox 417 1987 510 2076; x_wconf 83' lang='lat' dir='ltr'>Iphiti</span> <span class='ocrx_word' id='word_1_95' title='bbox 537 2009 651 2103; x_wconf 74' lang='lat' dir='ltr'>poenas</span> <span class='ocrx_word' id='word_1_96' title='bbox 678 1988 795 2076; x_wconf 60' lang='lat' dir='ltr'>Euryto</span> <span class='ocrx_word' id='word_1_97' title='bbox 821 1988 981 2072; x_wconf 88' lang='lat' dir='ltr'>redderet,</span> <span class='ocrx_word' id='word_1_98' title='bbox 1013 2009 1069 2077; x_wconf 90' lang='lat' dir='ltr'>per</span> <span class='ocrx_word' id='word_1_99' title='bbox 1100 1995 1193 2054; x_wconf 90' lang='lat' dir='ltr'>totum</span> <span class='ocrx_word' id='word_1_100' title='bbox 1219 2009 1327 2054; x_wconf 91' lang='lat' dir='ltr'>annum</span> 
     </span>
    </p>
   </div>
   <div class='ocr_carea' id='block_1_5' title="bbox 111 2087 1329 2183">
    <p class='ocr_par' dir='ltr' id='par_1_5' title="bbox 111 2087 1329 2183">
     <span class='ocr_line' id='line_1_15' title="bbox 111 2087 1329 2183; baseline -0.002 -28"><span class='ocrx_word' id='word_1_101' title='bbox 111 2119 116 2126; x_wconf 87' lang='lat'>·</span> <span class='ocrx_word' id='word_1_102' title='bbox 239 2089 403 2179; x_wconf 80' lang='lat' dir='ltr'>Omphalae</span> <span class='ocrx_word' id='word_1_103' title='bbox 427 2087 575 2176; x_wconf 82' lang='lat' dir='ltr'>Lydae</span> <span class='ocrx_word' id='word_1_104' title='bbox 565 2111 597 2153; x_wconf 87' lang='lat' dir='ltr'>ru</span> <span class='ocrx_word' id='word_1_105' title='bbox 618 2089 790 2154; x_wconf 77' lang='lat' dir='ltr'>servitutem</span> <span class='ocrx_word' id='word_1_106' title='bbox 810 2090 948 2154; x_wconf 81' lang='lat' dir='ltr'>venditus</span> <span class='ocrx_word' id='word_1_107' title='bbox 968 2098 1025 2154; x_wconf 83' lang='lat' dir='ltr'>est.</span> <span class='ocrx_word' id='word_1_108' title='bbox 1075 2088 1143 2165; x_wconf 70' lang='lat' dir='ltr'>Qua</span> <span class='ocrx_word' id='word_1_109' title='bbox 1163 2087 1329 2183; x_wconf 80' lang='lat' dir='ltr'>conditione</span> 
     </span>
    </p>
   </div>
   <div class='ocr_carea' id='block_1_6' title="bbox 238 2173 1329 2278">
    <p class='ocr_par' dir='ltr' id='par_1_6' title="bbox 238 2173 1329 2278">
     <span class='ocr_line' id='line_1_16' title="bbox 238 2173 1329 2278; baseline -0.004 -22"><span class='ocrx_word' id='word_1_110' title='bbox 238 2189 411 2278; x_wconf 78' lang='lat' dir='ltr'>turpissima</span> <span class='ocrx_word' id='word_1_111' title='bbox 431 2189 608 2275; x_wconf 78' lang='lat' dir='ltr'><strong>simulatque</strong></span> <span class='ocrx_word' id='word_1_112' title='bbox 630 2173 783 2254; x_wconf 84' lang='lat' dir='ltr'>liheratus</span> <span class='ocrx_word' id='word_1_113' title='bbox 794 2200 852 2273; x_wconf 85' lang='lat' dir='ltr'>est,</span> <span class='ocrx_word' id='word_1_114' title='bbox 870 2188 1011 2256; x_wconf 84' lang='lat' dir='ltr'>adversus</span> <span class='ocrx_word' id='word_1_115' title='bbox 1030 2185 1211 2272; x_wconf 80' lang='lat' dir='ltr'>Oechaliam,</span> <span class='ocrx_word' id='word_1_116' title='bbox 1228 2191 1329 2252; x_wconf 85' lang='lat' dir='ltr'>urbem</span> 
     </span>
    </p>
   </div>
   <div class='ocr_carea' id='block_1_7' title="bbox 139 2289 1328 2379">
    <p class='ocr_par' dir='ltr' id='par_1_7' title="bbox 139 2289 1328 2379">
     <span class='ocr_line' id='line_1_17' title="bbox 139 2289 1328 2379; baseline -0.003 -23"><span class='ocrx_word' id='word_1_117' title='bbox 139 2339 145 2344; x_wconf 92' lang='lat'>-</span> <span class='ocrx_word' id='word_1_118' title='bbox 238 2291 398 2374; x_wconf 83' lang='lat' dir='ltr'>Euboeae,</span> <span class='ocrx_word' id='word_1_119' title='bbox 419 2290 582 2356; x_wconf 87' lang='lat' dir='ltr'>exercitum</span> <span class='ocrx_word' id='word_1_120' title='bbox 599 2289 693 2358; x_wconf 88' lang='lat' dir='ltr'>duxit.</span> <span class='ocrx_word' id='word_1_121' title='bbox 736 2290 803 2364; x_wconf 78' lang='lat' dir='ltr'>Qua</span> <span class='ocrx_word' id='word_1_122' title='bbox 820 2291 893 2354; x_wconf 88' lang='lat' dir='ltr'>urhe</span> <span class='ocrx_word' id='word_1_123' title='bbox 910 2299 1094 2379; x_wconf 80' lang='lat' dir='ltr'>expugnata</span> <span class='ocrx_word' id='word_1_124' title='bbox 1099 2297 1130 2354; x_wconf 95' lang='lat' dir='ltr'>et</span> <span class='ocrx_word' id='word_1_125' title='bbox 1144 2311 1218 2376; x_wconf 86' lang='lat' dir='ltr'>rege</span> <span class='ocrx_word' id='word_1_126' title='bbox 1238 2289 1328 2354; x_wconf 87' lang='lat' dir='ltr'>omni·</span> 
     </span>
    </p>
   </div>
   <div class='ocr_carea' id='block_1_8' title="bbox 194 2389 1328 2797">
    <p class='ocr_par' dir='ltr' id='par_1_8' title="bbox 194 2389 1327 2581">
     <span class='ocr_line' id='line_1_18' title="bbox 239 2389 1327 2479; baseline -0.001 -24"><span class='ocrx_word' id='word_1_127' title='bbox 239 2413 297 2479; x_wconf 81' lang='lat' dir='ltr'>que</span> <span class='ocrx_word' id='word_1_128' title='bbox 318 2413 397 2462; x_wconf 87' lang='lat' dir='ltr'>sexu</span> <span class='ocrx_word' id='word_1_129' title='bbox 416 2391 497 2455; x_wconf 86' lang='lat' dir='ltr'>virili</span> <span class='ocrx_word' id='word_1_130' title='bbox 517 2391 617 2455; x_wconf 87' lang='lat' dir='ltr'>occiso</span> <span class='ocrx_word' id='word_1_131' title='bbox 639 2413 704 2454; x_wconf 90' lang='lat' dir='ltr'>cum</span> <span class='ocrx_word' id='word_1_132' title='bbox 725 2390 800 2454; x_wconf 83' lang='lat' dir='ltr'>alias</span> <span class='ocrx_word' id='word_1_133' title='bbox 821 2389 951 2458; x_wconf 86' lang='lat' dir='ltr'>selectas</span> <span class='ocrx_word' id='word_1_134' title='bbox 972 2390 1126 2473; x_wconf 88' lang='lat' dir='ltr'>mulieres,</span> <span class='ocrx_word' id='word_1_135' title='bbox 1154 2399 1213 2454; x_wconf 86' lang='lat' dir='ltr'>tum</span> <span class='ocrx_word' id='word_1_136' title='bbox 1232 2389 1327 2472; x_wconf 93' lang='lat' dir='ltr'>Iolen,</span> 
     </span>
     <span class='ocr_line' id='line_1_19' title="bbox 194 2489 1193 2581; baseline 0.001 -25"><span class='ocrx_word' id='word_1_137' title='bbox 194 2555 200 2560; x_wconf 84' lang='grc'><strong><em>,</em></strong></span> <span class='ocrx_word' id='word_1_138' title='bbox 238 2491 369 2581; x_wconf 76' lang='lat' dir='ltr'>puellam</span> <span class='ocrx_word' id='word_1_139' title='bbox 388 2491 643 2572; x_wconf 82' lang='lat' dir='ltr'>venustissimam,</span> <span class='ocrx_word' id='word_1_140' title='bbox 663 2490 696 2554; x_wconf 94' lang='lat' dir='ltr'>in</span> <span class='ocrx_word' id='word_1_141' title='bbox 717 2489 889 2556; x_wconf 81' lang='lat' dir='ltr'>servitutem</span> <span class='ocrx_word' id='word_1_142' title='bbox 910 2491 1043 2557; x_wconf 81' lang='lat' dir='ltr'>abduxit</span> <span class='ocrx_word' id='word_1_143' title='bbox 1186 2559 1193 2566; x_wconf 73' lang='grc'>,</span> 
     </span>
    </p>

    <p class='ocr_par' dir='ltr' id='par_1_9' title="bbox 198 2605 1328 2797">
     <span class='ocr_line' id='line_1_20' title="bbox 198 2605 1328 2701; baseline 0.002 -29"><span class='ocrx_word' id='word_1_144' title='bbox 198 2679 202 2686; x_wconf 55' lang='grc'>,</span> <span class='ocrx_word' id='word_1_145' title='bbox 322 2607 399 2672; x_wconf 86' lang='lat' dir='ltr'>Eam</span> <span class='ocrx_word' id='word_1_146' title='bbox 434 2605 652 2694; x_wconf 86' lang='lat' dir='ltr'>expeditionem</span> <span class='ocrx_word' id='word_1_147' title='bbox 683 2607 816 2690; x_wconf 77' lang='lat' dir='ltr'><strong>Lichas,</strong></span> <span class='ocrx_word' id='word_1_148' title='bbox 851 2629 978 2696; x_wconf 88' lang='lat' dir='ltr'>praeco,</span> <span class='ocrx_word' id='word_1_149' title='bbox 1003 2609 1054 2696; x_wconf 82' lang='lat' dir='ltr'>qui</span> <span class='ocrx_word' id='word_1_150' title='bbox 1082 2609 1263 2701; x_wconf 81' lang='lat' dir='ltr'>praemissus</span> <span class='ocrx_word' id='word_1_151' title='bbox 1277 2609 1328 2674; x_wconf 77' lang='lat' dir='ltr'>=ah</span> 
     </span>
     <span class='ocr_line' id='line_1_21' title="bbox 237 2705 1328 2797; baseline -0.002 -21"><span class='ocrx_word' id='word_1_152' title='bbox 237 2709 370 2776; x_wconf 79' lang='lat' dir='ltr'>Hercule</span> <span class='ocrx_word' id='word_1_153' title='bbox 390 2706 557 2772; x_wconf 79' lang='lat' dir='ltr'>adduxerat</span> <span class='ocrx_word' id='word_1_154' title='bbox 573 2707 758 2776; x_wconf 78' lang='lat' dir='ltr'>Trachinem</span> <span class='ocrx_word' id='word_1_155' title='bbox 778 2709 864 2776; x_wconf 83' lang='lat' dir='ltr'>loten</span> <span class='ocrx_word' id='word_1_156' title='bbox 885 2705 1059 2797; x_wconf 75' lang='lat' dir='ltr'>ceterasque</span> <span class='ocrx_word' id='word_1_157' title='bbox 1079 2710 1217 2774; x_wconf 88' lang='lat' dir='ltr'>mulieres</span> <span class='ocrx_word' id='word_1_158' title='bbox 1238 2709 1328 2797; x_wconf 88' lang='lat' dir='ltr'>capti·</span> 
     </span>
    </p>
   </div>
   <div class='ocr_carea' id='block_1_9' title="bbox 236 2806 1429 2906">
    <p class='ocr_par' dir='ltr' id='par_1_10' title="bbox 236 2806 1429 2906">
     <span class='ocr_line' id='line_1_22' title="bbox 236 2806 1429 2906; baseline -0.003 -28"><span class='ocrx_word' id='word_1_159' title='bbox 236 2833 306 2893; x_wconf 81' lang='lat' dir='ltr'>vas,</span> <span class='ocrx_word' id='word_1_160' title='bbox 334 2831 373 2874; x_wconf 92' lang='lat' dir='ltr'>ne</span> <span class='ocrx_word' id='word_1_161' title='bbox 401 2829 503 2873; x_wconf 85' lang='lat' dir='ltr'>verum</span> <span class='ocrx_word' id='word_1_162' title='bbox 530 2806 653 2874; x_wconf 89' lang='lat' dir='ltr'>dicendo</span> <span class='ocrx_word' id='word_1_163' title='bbox 688 2807 855 2874; x_wconf 74' lang='lat' dir='ltr'>molestiam</span> <span class='ocrx_word' id='word_1_164' title='bbox 886 2810 1002 2895; x_wconf 84' lang='lat' dir='ltr'>laceret</span> <span class='ocrx_word' id='word_1_165' title='bbox 1028 2810 1208 2906; x_wconf 73' lang='lat' dir='ltr'>Deianirae,</span> <span class='ocrx_word' id='word_1_166' title='bbox 1239 2809 1326 2898; x_wconf 88' lang='lat' dir='ltr'>paulu</span> <span class='ocrx_word' id='word_1_167' title='bbox 1424 2885 1429 2892; x_wconf 19' lang='grc' dir='ltr'>ἱ</span> 
     </span>
    </p>
   </div>
   <div class='ocr_carea' id='block_1_10' title="bbox 233 2907 1328 3000">
    <p class='ocr_par' dir='ltr' id='par_1_11' title="bbox 233 2907 1328 3000">
     <span class='ocr_line' id='line_1_23' title="bbox 233 2907 1328 3000; baseline -0.003 -23"><span class='ocrx_word' id='word_1_168' title='bbox 233 2919 308 2977; x_wconf 89' lang='lat' dir='ltr'>ante</span> <span class='ocrx_word' id='word_1_169' title='bbox 329 2933 357 2977; x_wconf 84' lang='grc' dir='ltr'>ι.</span> <span class='ocrx_word' id='word_1_170' title='bbox 378 2907 557 2975; x_wconf 70' lang='grc'><strong>248-296.</strong></span> <span class='ocrx_word' id='word_1_171' title='bbox 578 2931 644 2973; x_wconf 89' lang='lat' dir='ltr'>eam</span> <span class='ocrx_word' id='word_1_172' title='bbox 665 2911 703 2974; x_wconf 91' lang='lat' dir='ltr'>oh</span> <span class='ocrx_word' id='word_1_173' title='bbox 724 2932 841 2974; x_wconf 70' lang='lat' dir='ltr'>musam</span> <span class='ocrx_word' id='word_1_174' title='bbox 862 2919 1030 2998; x_wconf 77' lang='lat' dir='ltr'>susceptam</span> <span class='ocrx_word' id='word_1_175' title='bbox 1051 2911 1088 2974; x_wconf 92' lang='lat' dir='ltr'>ah</span> <span class='ocrx_word' id='word_1_176' title='bbox 1108 2911 1239 3000; x_wconf 80' lang='lat' dir='ltr'>Hercule</span> <span class='ocrx_word' id='word_1_177' title='bbox 1260 2931 1328 2974; x_wconf 89' lang='lat' dir='ltr'>esse</span> 
     </span>
    </p>
   </div>
   <div class='ocr_carea' id='block_1_11' title="bbox 236 3008 1334 3098">
    <p class='ocr_par' dir='ltr' id='par_1_12' title="bbox 236 3008 1334 3098">
     <span class='ocr_line' id='line_1_24' title="bbox 236 3008 1334 3098; baseline -0.003 -22"><span class='ocrx_word' id='word_1_178' title='bbox 236 3008 384 3093; x_wconf 73' lang='lat' dir='ltr'>tinxerat,</span> <span class='ocrx_word' id='word_1_179' title='bbox 414 3019 445 3074; x_wconf 94' lang='lat' dir='ltr'>ut</span> <span class='ocrx_word' id='word_1_180' title='bbox 472 3011 635 3097; x_wconf 86' lang='lat' dir='ltr'>Eurytum,</span> <span class='ocrx_word' id='word_1_181' title='bbox 665 3011 790 3098; x_wconf 87' lang='lat' dir='ltr'>primam</span> <span class='ocrx_word' id='word_1_182' title='bbox 815 3009 1042 3098; x_wconf 81' lang='lat' dir='ltr'>indignissimae</span> <span class='ocrx_word' id='word_1_183' title='bbox 1070 3010 1151 3078; x_wconf 82' lang='lat' dir='ltr'>illius</span> <span class='ocrx_word' id='word_1_184' title='bbox 1179 3008 1334 3080; x_wconf 85' lang='lat' dir='ltr'>servitutis</span> 
     </span>
    </p>
   </div>
   <div class='ocr_carea' id='block_1_12' title="bbox 148 3110 1326 3400">
    <p class='ocr_par' dir='ltr' id='par_1_13' title="bbox 148 3110 1326 3400">
     <span class='ocr_line' id='line_1_25' title="bbox 148 3110 1326 3199; baseline -0.003 -23"><span class='ocrx_word' id='word_1_185' title='bbox 148 3115 151 3122; x_wconf 85' lang='lat'>&#39;</span> <span class='ocrx_word' id='word_1_186' title='bbox 238 3133 373 3194; x_wconf 90' lang='lat' dir='ltr'>causam,</span> <span class='ocrx_word' id='word_1_187' title='bbox 393 3111 567 3178; x_wconf 89' lang='lat' dir='ltr'>vindicaret.</span> <span class='ocrx_word' id='word_1_188' title='bbox 609 3111 660 3176; x_wconf 83' lang='lat' dir='ltr'>Ah</span> <span class='ocrx_word' id='word_1_189' title='bbox 682 3133 718 3176; x_wconf 96' lang='lat' dir='ltr'>eo</span> <span class='ocrx_word' id='word_1_190' title='bbox 739 3113 819 3176; x_wconf 91' lang='lat' dir='ltr'>enim</span> <span class='ocrx_word' id='word_1_191' title='bbox 840 3132 915 3199; x_wconf 89' lang='lat' dir='ltr'>quac</span> <span class='ocrx_word' id='word_1_192' title='bbox 936 3110 1039 3176; x_wconf 86' lang='lat' dir='ltr'>illatae</span> <span class='ocrx_word' id='word_1_193' title='bbox 1055 3113 1084 3176; x_wconf 93' lang='lat' dir='ltr'>ei</span> <span class='ocrx_word' id='word_1_194' title='bbox 1098 3119 1184 3188; x_wconf 85' lang='lat' dir='ltr'>eraut</span> <span class='ocrx_word' id='word_1_195' title='bbox 1198 3111 1326 3180; x_wconf 83' lang='lat' dir='ltr'>iniurias</span> 
     </span>
     <span class='ocr_line' id='line_1_26' title="bbox 236 3211 1326 3300; baseline -0.002 -24"><span class='ocrx_word' id='word_1_196' title='bbox 236 3211 354 3276; x_wconf 89' lang='lat' dir='ltr'>ulturus</span> <span class='ocrx_word' id='word_1_197' title='bbox 375 3211 467 3276; x_wconf 89' lang='lat' dir='ltr'>lilium</span> <span class='ocrx_word' id='word_1_198' title='bbox 488 3213 570 3293; x_wconf 90' lang='lat' dir='ltr'>eius,</span> <span class='ocrx_word' id='word_1_199' title='bbox 591 3212 732 3298; x_wconf 84' lang='lat' dir='ltr'>Iphitum,</span> <span class='ocrx_word' id='word_1_200' title='bbox 752 3234 808 3300; x_wconf 94' lang='lat' dir='ltr'>per</span> <span class='ocrx_word' id='word_1_201' title='bbox 827 3211 954 3276; x_wconf 86' lang='lat' dir='ltr'>insidias</span> <span class='ocrx_word' id='word_1_202' title='bbox 976 3213 1135 3295; x_wconf 84' lang='lat' dir='ltr'>occiderat,</span> <span class='ocrx_word' id='word_1_203' title='bbox 1157 3211 1239 3276; x_wconf 89' lang='lat' dir='ltr'>cuius</span> <span class='ocrx_word' id='word_1_204' title='bbox 1260 3232 1326 3274; x_wconf 88' lang='lat' dir='ltr'>cac·</span> 
     </span>
     <span class='ocr_line' id='line_1_27' title="bbox 237 3308 1262 3400; baseline 0.001 -25"><span class='ocrx_word' id='word_1_205' title='bbox 237 3311 283 3375; x_wconf 91' lang='lat' dir='ltr'>dis</span> <span class='ocrx_word' id='word_1_206' title='bbox 305 3308 470 3397; x_wconf 84' lang='lat' dir='ltr'>expiandae</span> <span class='ocrx_word' id='word_1_207' title='bbox 491 3331 582 3374; x_wconf 89' lang='lat' dir='ltr'>causa</span> <span class='ocrx_word' id='word_1_208' title='bbox 603 3311 767 3400; x_wconf 85' lang='lat' dir='ltr'>Omphalae</span> <span class='ocrx_word' id='word_1_209' title='bbox 786 3316 819 3377; x_wconf 93' lang='lat' dir='ltr'>iu</span> <span class='ocrx_word' id='word_1_210' title='bbox 839 3313 1011 3378; x_wconf 83' lang='lat' dir='ltr'>servitutem</span> <span class='ocrx_word' id='word_1_211' title='bbox 1031 3312 1167 3378; x_wconf 85' lang='lat' dir='ltr'>venditus</span> <span class='ocrx_word' id='word_1_212' title='bbox 1188 3318 1262 3376; x_wconf 89' lang='lat' dir='ltr'>erat.</span> 
     </span>
    </p>
   </div>
   <div class='ocr_carea' id='block_1_13' title="bbox 323 3426 1325 3519">
    <p class='ocr_par' dir='ltr' id='par_1_14' title="bbox 323 3426 1325 3519">
     <span class='ocr_line' id='line_1_28' title="bbox 323 3426 1325 3519; baseline -0.002 -25"><span class='ocrx_word' id='word_1_213' title='bbox 323 3426 439 3494; x_wconf 77' lang='lat' dir='ltr'>Contra</span> <span class='ocrx_word' id='word_1_214' title='bbox 465 3430 588 3519; x_wconf 77' lang='lat' dir='ltr'>nuntius</span> <span class='ocrx_word' id='word_1_215' title='bbox 612 3429 686 3511; x_wconf 90' lang='lat' dir='ltr'>hac,</span> <span class='ocrx_word' id='word_1_216' title='bbox 718 3451 805 3515; x_wconf 88' lang='lat' dir='ltr'>quam</span> <span class='ocrx_word' id='word_1_217' title='bbox 829 3430 992 3518; x_wconf 82' lang='lat' dir='ltr'>adscripsi,</span> <span class='ocrx_word' id='word_1_218' title='bbox 1022 3431 1157 3496; x_wconf 86' lang='lat' dir='ltr'>oratione</span> <span class='ocrx_word' id='word_1_219' title='bbox 1183 3435 1325 3494; x_wconf 91' lang='lat' dir='ltr'>summoto</span> 
     </span>
    </p>
   </div>
   <div class='ocr_carea' id='block_1_14' title="bbox 90 3513 1399 3718">
    <p class='ocr_par' dir='ltr' id='par_1_15' title="bbox 90 3513 1399 3718">
     <span class='ocr_line' id='line_1_29' title="bbox 90 3513 1326 3620; baseline -0.006 -22"><span class='ocrx_word' id='word_1_220' title='bbox 90 3513 126 3546; x_wconf 46' lang='lat'><strong>²</strong></span> <span class='ocrx_word' id='word_1_221' title='bbox 235 3530 335 3620; x_wconf 86' lang='lat' dir='ltr'>Licha</span> <span class='ocrx_word' id='word_1_222' title='bbox 361 3547 509 3616; x_wconf 84' lang='lat' dir='ltr'>praecone</span> <span class='ocrx_word' id='word_1_223' title='bbox 536 3528 607 3593; x_wconf 87' lang='lat' dir='ltr'>licta</span> <span class='ocrx_word' id='word_1_224' title='bbox 633 3527 690 3594; x_wconf 92' lang='lat' dir='ltr'>illa</span> <span class='ocrx_word' id='word_1_225' title='bbox 709 3531 746 3594; x_wconf 92' lang='lat' dir='ltr'>ah</span> <span class='ocrx_word' id='word_1_226' title='bbox 768 3551 805 3594; x_wconf 91' lang='lat' dir='ltr'>eo</span> <span class='ocrx_word' id='word_1_227' title='bbox 825 3552 895 3596; x_wconf 87' lang='lat' dir='ltr'>esse</span> <span class='ocrx_word' id='word_1_228' title='bbox 915 3531 959 3596; x_wconf 88' lang='lat' dir='ltr'>ait</span> <span class='ocrx_word' id='word_1_229' title='bbox 979 3531 1122 3618; x_wconf 84' lang='lat' dir='ltr'>docetque</span> <span class='ocrx_word' id='word_1_230' title='bbox 1142 3529 1326 3612; x_wconf 87' lang='lat' dir='ltr'>Deianiram,</span> 
     </span>
     <span class='ocr_line' id='line_1_30' title="bbox 236 3623 1399 3718; baseline -0.004 -23"><span class='ocrx_word' id='word_1_231' title='bbox 236 3629 412 3710; x_wconf 88' lang='lat' dir='ltr'>Herculem,</span> <span class='ocrx_word' id='word_1_232' title='bbox 439 3649 504 3692; x_wconf 93' lang='lat' dir='ltr'>cum</span> <span class='ocrx_word' id='word_1_233' title='bbox 529 3629 644 3694; x_wconf 81' lang='lat' dir='ltr'>frustra</span> <span class='ocrx_word' id='word_1_234' title='bbox 667 3631 795 3718; x_wconf 90' lang='lat' dir='ltr'>petisset</span> <span class='ocrx_word' id='word_1_235' title='bbox 812 3631 859 3694; x_wconf 85' lang='lat' dir='ltr'>ah</span> <span class='ocrx_word' id='word_1_236' title='bbox 879 3630 1008 3716; x_wconf 87' lang='lat' dir='ltr'>Euryto,</span> <span class='ocrx_word' id='word_1_237' title='bbox 1038 3639 1071 3696; x_wconf 93' lang='lat' dir='ltr'>ut</span> <span class='ocrx_word' id='word_1_238' title='bbox 1096 3628 1200 3712; x_wconf 82' lang='lat' dir='ltr'>Iolen,</span> <span class='ocrx_word' id='word_1_239' title='bbox 1224 3623 1325 3710; x_wconf 79' lang='lat' dir='ltr'>liliam,¹</span> <span class='ocrx_word' id='word_1_240' title='bbox 1394 3656 1399 3665; x_wconf 65' lang='lat'><strong><em>¹</em></strong></span> 
     </span>
    </p>
   </div>
   <div class='ocr_carea' id='block_1_15' title="bbox 234 3727 1326 4215">
    <p class='ocr_par' dir='ltr' id='par_1_16' title="bbox 234 3727 1326 4215">
     <span class='ocr_line' id='line_1_31' title="bbox 235 3727 1324 3816; baseline -0.002 -22"><span class='ocrx_word' id='word_1_241' title='bbox 235 3731 384 3816; x_wconf 80' lang='lat' dir='ltr'>virginem</span> <span class='ocrx_word' id='word_1_242' title='bbox 412 3727 674 3810; x_wconf 65' lang='lat' dir='ltr'>formosissima-n,</span> <span class='ocrx_word' id='word_1_243' title='bbox 699 3729 816 3816; x_wconf 86' lang='lat' dir='ltr'>pellicis</span> <span class='ocrx_word' id='word_1_244' title='bbox 844 3729 910 3794; x_wconf 79' lang='lat' dir='ltr'>heo</span> <span class='ocrx_word' id='word_1_245' title='bbox 938 3731 997 3795; x_wconf 89' lang='lat' dir='ltr'>sihi</span> <span class='ocrx_word' id='word_1_246' title='bbox 1023 3729 1125 3812; x_wconf 87' lang='lat' dir='ltr'>daret,</span> <span class='ocrx_word' id='word_1_247' title='bbox 1158 3729 1215 3794; x_wconf 76' lang='lat' dir='ltr'>levi</span> <span class='ocrx_word' id='word_1_248' title='bbox 1240 3749 1324 3792; x_wconf 88' lang='lat' dir='ltr'>usum</span> 
     </span>
     <span class='ocr_line' id='line_1_32' title="bbox 234 3826 1325 3917; baseline -0.002 -24"><span class='ocrx_word' id='word_1_249' title='bbox 234 3835 393 3917; x_wconf 89' lang='lat' dir='ltr'>praetextu</span> <span class='ocrx_word' id='word_1_250' title='bbox 425 3835 530 3892; x_wconf 90' lang='lat' dir='ltr'>contra</span> <span class='ocrx_word' id='word_1_251' title='bbox 560 3826 644 3892; x_wconf 92' lang='lat' dir='ltr'>illum</span> <span class='ocrx_word' id='word_1_252' title='bbox 674 3829 784 3898; x_wconf 83' lang='lat' dir='ltr'>bellum</span> <span class='ocrx_word' id='word_1_253' title='bbox 815 3829 958 3916; x_wconf 82' lang='lat' dir='ltr'>gessisse.</span> <span class='ocrx_word' id='word_1_254' title='bbox 1012 3830 1111 3916; x_wconf 65' lang='lat' dir='ltr'>Atque</span> <span class='ocrx_word' id='word_1_255' title='bbox 1140 3830 1213 3917; x_wconf 86' lang='lat' dir='ltr'>ipse&#39;</span> <span class='ocrx_word' id='word_1_256' title='bbox 1236 3829 1325 3892; x_wconf 85' lang='lat' dir='ltr'>etiam</span> 
     </span>
     <span class='ocr_line' id='line_1_33' title="bbox 237 3927 1326 4019; baseline -0.003 -25"><span class='ocrx_word' id='word_1_257' title='bbox 237 3930 350 3994; x_wconf 86' lang='lat' dir='ltr'>Lichas</span> <span class='ocrx_word' id='word_1_258' title='bbox 371 3927 537 4016; x_wconf 82' lang='lat' dir='ltr'>postmodo&#39;</span> <span class='ocrx_word' id='word_1_259' title='bbox 547 3927 712 3994; x_wconf 84' lang='lat' dir='ltr'>Deianirae</span> <span class='ocrx_word' id='word_1_260' title='bbox 733 3931 870 4019; x_wconf 87' lang='lat' dir='ltr'>precihus</span> <span class='ocrx_word' id='word_1_261' title='bbox 892 3929 997 3995; x_wconf 91' lang='lat' dir='ltr'>adduci</span> <span class='ocrx_word' id='word_1_262' title='bbox 1018 3953 1052 3998; x_wconf 88' lang='lat' dir='ltr'>se</span> <span class='ocrx_word' id='word_1_263' title='bbox 1072 3951 1179 4018; x_wconf 81' lang='lat' dir='ltr'>passm</span> <span class='ocrx_word' id='word_1_264' title='bbox 1202 3936 1265 4012; x_wconf 88' lang='lat' dir='ltr'>cst,</span> <span class='ocrx_word' id='word_1_265' title='bbox 1292 3935 1326 3992; x_wconf 90' lang='lat' dir='ltr'>ut</span> 
     </span>
     <span class='ocr_line' id='line_1_34' title="bbox 238 4028 1324 4122; baseline 0 -30"><span class='ocrx_word' id='word_1_266' title='bbox 238 4028 331 4093; x_wconf 87' lang='lat' dir='ltr'>solius</span> <span class='ocrx_word' id='word_1_267' title='bbox 351 4028 436 4093; x_wconf 85' lang='lat' dir='ltr'>Iotae</span> <span class='ocrx_word' id='word_1_268' title='bbox 457 4033 560 4092; x_wconf 79' lang='lat' dir='ltr'>amore</span> <span class='ocrx_word' id='word_1_269' title='bbox 579 4029 696 4094; x_wconf 91' lang='lat' dir='ltr'>ductum</span> <span class='ocrx_word' id='word_1_270' title='bbox 709 4029 872 4114; x_wconf 80' lang='lat' dir='ltr'>Herculem</span> <span class='ocrx_word' id='word_1_271' title='bbox 885 4029 1104 4118; x_wconf 84' lang='lat' dir='ltr'>expeditionem</span> <span class='ocrx_word' id='word_1_272' title='bbox 1120 4029 1203 4095; x_wconf 79' lang='lat' dir='ltr'>illem</span> <span class='ocrx_word' id='word_1_273' title='bbox 1224 4031 1324 4122; x_wconf 79' lang='grc' dir='ltr'>ιιιιιι-1</span> 
     </span>
     <span class='ocr_line' id='line_1_35' title="bbox 235 4125 717 4215; baseline 0.008 -25"><span class='ocrx_word' id='word_1_274' title='bbox 235 4127 317 4215; x_wconf 84' lang='lat' dir='ltr'>pisse</span> <span class='ocrx_word' id='word_1_275' title='bbox 337 4129 482 4210; x_wconf 76' lang='lat' dir='ltr'>fateretur</span> <span class='ocrx_word' id='word_1_276' title='bbox 502 4125 717 4210; x_wconf 58' lang='lat' dir='ltr'>(til-toea</span> 
     </span>
    </p>
   </div>
   <div class='ocr_carea' id='block_1_16' title="bbox 321 4224 1325 4318">
    <p class='ocr_par' dir='ltr' id='par_1_17' title="bbox 321 4224 1325 4318">
     <span class='ocr_line' id='line_1_36' title="bbox 321 4224 1325 4318; baseline 0.004 -30"><span class='ocrx_word' id='word_1_277' title='bbox 321 4224 424 4292; x_wconf 89' lang='lat' dir='ltr'>Pauca</span> <span class='ocrx_word' id='word_1_278' title='bbox 443 4231 531 4310; x_wconf 82' lang='lat' dir='ltr'>hacc,</span> <span class='ocrx_word' id='word_1_279' title='bbox 553 4249 628 4314; x_wconf 80' lang='lat' dir='ltr'>quae</span> <span class='ocrx_word' id='word_1_280' title='bbox 648 4229 782 4316; x_wconf 89' lang='lat' dir='ltr'>plurihus</span> <span class='ocrx_word' id='word_1_281' title='bbox 804 4239 983 4318; x_wconf 82' lang='lat' dir='ltr'>persecutus·</span> <span class='ocrx_word' id='word_1_282' title='bbox 998 4251 1062 4294; x_wconf 87' lang='lat' dir='ltr'>sum</span> <span class='ocrx_word' id='word_1_283' title='bbox 1087 4230 1119 4296; x_wconf 92' lang='lat' dir='ltr'>in</span> <span class='ocrx_word' id='word_1_284' title='bbox 1140 4228 1325 4318; x_wconf 83' lang='lat' dir='ltr'>praelatione</span> 
     </span>
    </p>
   </div>
   <div class='ocr_carea' id='block_1_17' title="bbox 237 4321 1506 4418">
    <p class='ocr_par' dir='ltr' id='par_1_18' title="bbox 237 4321 1506 4418">
     <span class='ocr_line' id='line_1_37' title="bbox 237 4321 1506 4418; baseline 0 -30"><span class='ocrx_word' id='word_1_285' title='bbox 237 4322 378 4390; x_wconf 85' lang='lat' dir='ltr'>editionis</span> <span class='ocrx_word' id='word_1_286' title='bbox 405 4324 581 4414; x_wconf 75' lang='lat' dir='ltr'>(lollianae,</span> <span class='ocrx_word' id='word_1_287' title='bbox 607 4327 824 4418; x_wconf 81' lang='lat' dir='ltr'>praemittenda</span> <span class='ocrx_word' id='word_1_288' title='bbox 855 4325 970 4418; x_wconf 83' lang='lat' dir='ltr'>putavi,</span> <span class='ocrx_word' id='word_1_289' title='bbox 985 4342 989 4352; x_wconf 63' lang='lat'><strong>⁴</strong></span> <span class='ocrx_word' id='word_1_290' title='bbox 1007 4337 1162 4418; x_wconf 75' lang='lat' dir='ltr'>autequam</span> <span class='ocrx_word' id='word_1_291' title='bbox 1189 4335 1323 4396; x_wconf 89' lang='lat' dir='ltr'>notarem</span> <span class='ocrx_word' id='word_1_292' title='bbox 1383 4379 1394 4388; x_wconf 70' lang='grc'>,</span> <span class='ocrx_word' id='word_1_293' title='bbox 1443 4321 1447 4328; x_wconf 79' lang='grc'><strong>“</strong></span> <span class='ocrx_word' id='word_1_294' title='bbox 1505 4351 1506 4362; x_wconf 48' lang='lat'>¹</span> 
     </span>
    </p>
   </div>
   <div class='ocr_carea' id='block_1_18' title="bbox 0 0 1518 5096">
    <p class='ocr_par' dir='ltr' id='par_1_19' title="bbox 0 0 1518 5096">
     <span class='ocr_line' id='line_1_38' title="bbox 0 0 1518 5096; baseline 0 2"><span class='ocrx_word' id='word_1_295' title='bbox 0 0 1518 5096; x_wconf 95' lang='lat' dir='ltr'> </span> 
     </span>
    </p>
   </div>
  </div>
 </body>
</html>
