3000 5108
61 607 68 614 '
114 561 293 691 ‘praetercb
314 617 390 690 quac
408 599 445 668 ad
463 603 541 670 hone
559 576 656 670 lbcom
673 602 827 671 adnotavit
827 603 1040 694 vireximius,
1059 625 1231 695 quamquam
1337 655 1341 662 »

45 741 50 751 ·
137 701 296 770 multorum
323 703 470 768 bominum
501 703 651 770 doctorum
687 726 841 772 assensum
872 699 1020 790 tulerunt,
1053 717 1230 796 tamenego

20 891 25 899 Ι
136 801 255 890 quidem
275 802 479 892 probaronou
495 825 625 898 possum.
669 803 784 872 Contra
808 827 935 898 quae
901 814 972 870 auto
990 797 1063 872 oiibi
1082 807 1235 876 dicendum
1361 804 1365 818 ’

137 901 273 986 uidetur,
287 925 374 990 quam
389 903 427 968 de
449 906 573 986 ceteris,
597 904 701 991 quibos
723 905 860 970 laborare
876 906 956 970 hunc
975 903 1072 971 locum
1092 909 1234 992 arbitror,

137 1000 327 1069 librariorum
342 1002 458 1068 mendis
476 1001 633 1092 exponam.
655 1003 819 1070 Aduotavit
832 1005 1235 1074 autemhaecHermanuus.
1348 1036 1354 1042 ·
1426 1013 1433 1020 '

220 1107 379 1201 „Libri
354 1143 380 1182 oo
395 1118 532 1198 Κηναία
556 1121 679 1205 apponte
688 1120 838 1206 stopoin‘
826 1142 932 1206 ιιρων,
954 1113 1031 1186 σἰἀν
1049 1118 1141 1187 άνθῖ
1155 1119 1237 1190 otoo

137 1168 306 1304 θυμάτων
326 1216 388 1282 ἐπι
409 1241 468 1302 μοι
486 1218 594 1310 μελὲῳ
614 1217 713 1305 χάριν
733 1216 858 1304 dodra,
881 1222 940 1286 nisi
954 1221 1033 1309 quod
1052 1223 1236 1290 Tricliniaui

136 1339 201 1384 νιιν
220 1328 289 1408 post
309 1309 386 1384 οἵαν
404 1321 549 1386 inserunt.
593 1319 762 1388 Bronckius
782 1319 949 1405 θιιμάιαιν
968 1323 1117 1388 mutavit
1108 1346 1141 1390 ιιι
1168 1324 1237 1390 θι-

138 1419 238 1492 uodo,
264 1441 365 1486 rocem
386 1430 497 1485 metro
505 1440 592 1507 quam
616 1422 661 1486 rei
685 1421 977 1487 accommodatiorem
998 1431 1030 1488 et
1044 1443 1100 1510 pro
1115 1421 1237 1500 η’νιισιιι,

130 1523 176 1582 'nt
200 1519 277 1604 quod
293 1528 410 1596 contra
437 1519 568 1587 indolem
604 1520 726 1608 linguae
749 1520 857 1586 dictum
872 1521 927 1605 sit,
955 1523 1077 1625 scripsit
1098 1517 1238 1601 ἤνυσας.
1271 1549 1282 1562 =

141 1616 350 1686 scholiastae·
372 1605 583 1697 άΚηναία
599 1615 775 1736 κρηπίς·
799 1609 1147 1711 κρηπὶςτὸἕὸαφοςζ.
1143 1645 1261 1714 περιι,
1340 1633 1345 1640 “

137 1719 337 1837 rppouroxoic
358 1717 394 1784 δὲ
414 1716 492 1786 άνιι
512 1719 571 1784 τοῦ
586 1726 615 1784 ’ω
599 1704 794 1796 Ko'roecur.
814 1719 1045 1840 μέμιριταιδὲ
1068 1723 1113 1810 τῷ
1127 1719 1240 1810 ιόπιι,

139 1811 196 1883 ὅτι
223 1813 285 1884 οιίι
319 1818 374 1883 ἐπὶ
410 1813 530 1895 αἰσίοις
556 1819 647 1919 αάιιμ
674 1819 790 1904 γέγονε
819 1818 863 1883 τά
888 1818 957 1884 ἒιιει
945 1819 1135 1904 θύματα.
1163 1815 1240 1892 οἵαν

137 1901 219 1993 οὖν,
245 1913 354 2004 φησι,
375 1916 476 2038 χάριν
502 1908 572 1985 citro*
598 1923 663 1986 τῶν
684 1915 853 2002 amaron
874 1918 1049 2007 διεπράξω.
1092 1922 1239 2012 Apparet,

140 2017 387 2085 Scholiastam'
364 2017 476 2098 ηνύσω
498 2022 615 2086 tueri.
613 2021 707 2106 [Non
735 2020 860 2086 dixerim
881 2021 943 2092 ιιι
965 2044 1127 2111 apparere3
1157 2031 1239 2088 certo

141 2118 172 2182 is
194 2126 306 2189 tautum
334 2121 430 2186 rideri
458 2130 557 2211 potest
584 2116 694 2198 ἠνύσω
715 2121 851 2241 legissp,
878 2123 928 2209 qui
950 2133 1112 2189 extremam
1134 2124 1241 2189 scholii
1322 2163 1334 2178 ν

142 2221 320 2307 particulam
342 2223 477 2311 scripsit,
499 2222 576 2290 hanc
597 2221 674 2306 dico,
683 2214 775 2287 οιάν
791 2245 912 2287 ουν-
894 2219 1103 2310 ’διεπράξω
1104 2224 1241 2310 JHein-

144 2319 257 2386 dorhus
279 2322 319 2404 ad
338 2322 460 2390 Platon.
481 2321 635 2390 Phaedon.
656 2344 694 2412 p
686 2321 759 2390 62
779 2323 978 2420 reprehendit
997 2323 1181 2390 Bruuckium
1210 2334 1243 2392 ut

144 2421 344 2490 immemorem
375 2445 490 2499 eorum,
518 2445 592 2510 quae
618 2423 655 2498 do
675 2426 766 2489 verbo
779 2411 987 2488 ἁνύσασθαι
1008 2425 1181 2514 scripsisset
1202 2426 1241 2492 ad

144 2519 249 2610 Eurip
260 2523 371 2590 Bacch
384 2524 453 2590 131.
462 2524 680 2610 ,conferrique
701 2525 783 2590 iubet
802 2524 951 2594 Valcken.
966 2525 1012 2593 ad
1032 2526 1177 2593 Adoniaz.
1191 2527 1241 2596 16.
1301 2547 1305 2556 ·

146 2611 203 2688 At
211 2631 324 2688 tautum
346 2626 455 2708 abest,
482 2631 514 2689 ut
535 2625 658 2691 istorum
683 2624 765 2689 iile
757 2647 910 2698 rmmeroor
937 2623 1045 2710 fuerit,
1067 2635 1100 2693 ut
1121 2637 1243 2716 propter

146 2743 184 2786 ea
203 2722 271 2812 ipsa
292 2725 447 2815 scripserit
467 2719 601 2803 ἤνυσας
643 2725 723 2790 Nam
751 2725 779 2789 si
799 2745 908 2790 sensus
929 2733 994 2807 est,
1024 2747 1126 2813 quam
1152 2727 1243 2794 mihi
1299 2813 1306 2820 .
1356 2749 1361 2756 “

88 2853 95 2860 ·
146 2833 209 2910 pre
232 2826 355 2894 tantis
377 2826 499 2891 sacris
522 2825 681 2912 gratiam
706 2823 920 2907 rettulisti,
948 2775 1048 2889 debuit
1074 2827 1117 2889 ita
1142 2828 1243 2897 scribi.
1355 2899 1366 2912 ,

147 2923 252 3024 ltaque
277 2925 434 2991 ostendere
462 2928 560 3016 potios
589 2925 715 2990 debebat
734 2924 941 3006 Heindorfius,
961 2929 1044 2988 recte
1064 2921 1157 2988 hic'
1133 2919 1244 3003 ηνάσω
1269 2992 1275 3003 x

148 3013 290 3092 dictum‘
279 3048 357 3093 esse.
399 3027 458 3092 Est
478 3033 577 3092 autem
597 3034 679 3094 recte
701 3027 823 3106 dictum3
845 3045 913 3088 narn
933 3033 1030 3090 semet
1049 3023 1147 3114 ipsum
1163 3024 1243 3090 Her-

136 3125 230 3197 ,cules
256 3127 429 3215 intelligens
458 3127 546 3210 dicit,
583 3147 601 3204 u
633 3128 672 3192 iu
701 3123 860 3194 Cenaeo
881 3131 1103 3190 exstructae
1135 3147 1244 3219 arae,

149 3247 253 3314 quam
274 3248 340 3316 pro
364 3228 483 3294 tantis
505 3228 631 3293 sacris
659 3227 756 3294 estis
784 3227 821 3291 iu
847 3247 901 3291 me
922 3225 1057 3292 misero
1079 3227 1244 3332 gratiam
1341 3213 1350 3224 ’

149 3336 384 3406 consecutae,
405 3329 426 3394 i.
449 3352 476 3396 e
497 3303 726 3414 omagnitica
717 3349 749 3391 ιι
772 3325 893 3395 Cenaeo
916 3347 1019 3410 sacra,
1047 3347 1133 3414 quam
1157 3335 1246 3391 nacta
1299 3399 1303 3420 Ι
1406 3401 1413 3408 ,

149 3428 231 3493 estis
244 3429 514 3495 remunerationem
535 3449 601 3492 mea
621 3427 749 3494 miseria.
793 3426 934 3494 Ceterum
954 3427 1098 3496 librorum
1120 3429 1246 3522 scriptu-

148 3549 212 3612 ram
235 3538 403 3617 corruptam
433 3551 501 3594 esse
529 3529 583 3593 rix
603 3529 732 3594 dubitari
752 3535 861 3618 potest
906 3526 1038 3593 Tantam
1067 3529 1146 3592 enim
1171 3529 1246 3595 haec
1367 3518 1373 3530 ”
1458 3519 1464 3546 “

150 3630 279 3716 speciem
308 3637 536 3719 anapaestorum
561 3629 686 3710 habent,
716 3635 747 3692 ut
776 3647 837 3691 uon
862 3625 1019 3693 videantur
1039 3627 1125 3710 aliis,
1150 3627 1246 3715 iisque

151 3749 191 3793 ox
211 3738 297 3817 parta
317 3730 405 3796 valde
426 3729 624 3796 insolentibus
645 3728 775 3792 numeris
796 3727 972 3816 interrumpi
986 3729 1130 3816 potuisse.
1150 3727 1246 3792 Nemo

34 3879 43 3893 ,
150 3829 249 3895 haesit
268 3831 300 3895 iu
321 3831 421 3895 vorbis
442 3827 565 3912 βωμῶν
586 3827 698 3924 ἰιρῷνι
720 3849 789 3893 uam
809 3825 913 3894 Bothii
933 3829 1085 3895 saevitiam
1107 3828 1172 3915 quis
1193 3849 1248 3892 nu·
1297 3877 1304 3892 .

150 3931 384 3997 merettAtut
405 3930 608 3997 casufactum
629 3918 686 4010 sit,
713 3912 822 4016 tragici
843 3937 1058 4016 utnusquam,
1089 3926 1182 4015 quod
1188 3950 1249 3992 me-

151 4031 297 4115 minorum,
323 4026 461 4114 βωμοάς
488 4029 619 4096 dicant‘
607 4023 732 4146 repotia,
760 4030 808 4094 hic
830 4029 920 4097 etiam
940 4029 1094 4146 positura
1094 4028 1250 4094 vorborum

152 4131 297 4215 aliaest,
320 4149 407 4219 quam
428 4129 565 4196 debebat
608 4129 662 4195 Sic
684 4130 761 4194 enim
783 4126 937 4194 dicendum
959 4137 1038 4194 erat:
1067 4111 1094 4190 ά
1112 4123 1249 4206 Korada

151 4231 274 4316 κρηπὶς
294 4232 390 4317 ῐιριιν
410 4229 539 4315 βωμῶν
584 4229 685 4303 Quare
706 4249 764 4348 ogo
785 4226 901 4317 quidem
922 4235 991 4317 post
1010 4227 1132 4313 piapen
1150 4231 1249 4296 inter-

153 4331 358 4420 pungendum,
380 4331 478 4420 ιερῶν
499 4337 596 4398 autem
618 4349 683 4398 cum
706 4321 787 4396 αιίιν
808 4327 1045 4419 coniungendam
1067 4329 1177 4421 putari,
1200 4327 1249 4396 dr-
