3000 5108
152 580 252 663 veut,
274 599 349 668 quac
371 579 489 652 mlulmt
510 580 725 651 tununnenda
746 581 825 648 ιιιιιλ,ι
868 579 992 646 Sclrulia
1013 590 1107 644 nartem
1130 581 1203 645 taen
1218 578 1254 644 td

111 719 121 727 -
154 681 239 748 lrnne
260 681 356 757 locum
378 682 491 771 scripta
512 689 653 750 exstant·
674 673 922 769 6ργιὲνον]”
899 703 919 758 η
942 679 1008 746 οὖν
1029 680 1254 763 coronamus,
1310 685 1324 712 ‘

114 777 118 784 '
153 805 181 861 η
206 778 269 844 τῶν
290 778 488 864 ἐργαλείων,
515 767 625 857 οἷς
588 803 648 847 τον
668 777 843 848 nimiost
825 800 1028 867 aqqccwa-
1076 780 1244 844 κλοῐεὸ·

154 877 345 963 ὀργάνου
372 874 488 967 ὅτου]
517 883 578 946 καὶ
605 877 635 946 ai
665 876 794 962 ἥπτετό
815 901 906 957 τινος
925 871 1164 966 ἐργαλείου,
1145 901 1188 941 uu
1208 874 1255 944 si·
1265 937 1270 942 .

154 979 247 1046 ὠθιι
278 979 597 1066 μεταχειρίζεσθαι,
637 978 796 1055 συνόντος
829 977 916 1069 αὐτῇ
948 977 1009 1045 τοῦ
1040 975 1254 1063 Ἡρακλέους,

152 1070 233 1146 οἷον
252 1077 392 1147 carew
370 1105 389 1160 q
412 1103 519 1166 τινος
526 1079 689 1162 τοιούτου,
709 1078 907 1202 ὥδύρινο,’
884 1102 925 1155 ως
946 1079 1078 1144 λοιπόν
1075 1079 1254 1163 κοτυλιμ

154 1178 315 1246 advenum
342 1179 450 1246 adrui·
484 1182 579 1248 lutosi
606 1180 688 1248 BV
670 1201 746 1256 tuuc
767 1166 955 1273 ἔφριιτιῑο,
987 1177 1045 1244 cca
1067 1177 1131 1243 τὸν
1149 1199 1253 1294 aucu-

154 1281 401 1348 σκευυοθέντο
423 1281 554 1348 πέπλον
573 1281 629 1348 ἐπὶ
650 1283 847 1370 συμφοραῖς.

242 1379 280 1446 ln
302 1383 354 1446 his
374 1381 448 1450 illud
468 1405 539 1448 vere
560 1383 701 1480 munitum
723 1391 809 1472 putu,
837 1381 1021 1448 sulistadtiv'u
1044 1377 1233 1468 ὀργάνων
1217 1403 1273 1448 aa.

155 1482 329 1570 significata
356 1483 554 1554 instrumenta
578 1473 664 1566 esse,
692 1481 798 1570 quibus
817 1490 931 1548 vestem
957 1481 1040 1547 illam
1060 1485 1252 1565 mortiferam,

107 1633 118 1640 .
156 1603 244 1670 quam
267 1582 393 1648 Herculi
412 1584 511 1666 misit,
531 1571 678 1648 Deianira
699 1585 855 1658 texuisset,
899 1582 1104 1657 Quodtamen
1128 1585 1251 1649 canariis

155 1684 272 1766 verbis,
302 1705 377 1770 quae
404 1684 517 1772 scripta
543 1683 590 1748 iu
607 1683 758 1750 codicibus
787 1691 871 1766 sunt,
906 1683 1024 1748 minime
1053 1685 1102 1747 sto
1081 1683 1252 1770 tunicatum
1277 1700 1280 1710 ¹

155 1784 241 1856 satis·
255 1805 324 1848 esse
344 1781 539 1870 Musgravius
566 1783 785 1874 intellexisset,
812 1733 999 1859 scribendum
1023 1735 1100 1848 ἰΙΙοθ
1106 1782 1251 1850 nescierit:
1301 1849 1303 1857 2

155 1871 211 1958 οἷς
229 1881 396 1968 κένρικτο
427 1875 563 1966 δειλαίᾳ
589 1882 722 1971 φάρος.
760 1833 856 1957 (liam
888 1883 1087 1948 coniecturam
1120 1880 1251 1970 quamvis

138 1983 278 2073 'probari
306 2003 367 2062 nun
395 2004 485 2072 posse
510 1991 644 2072 apertum
668 1981 728 2065 sit,
754 1992 853 2048 tamen
873 1983 931 2047 hoc
951 1983 1146 2048 certissimum
1169 1994 1252 2070 putu,

158 2105 223 2150 eam
244 2084 340 2172 ipsam
361 2083 552 2167 sententiam,
574 2096 659 2170 quam
675 2033 869 2171 Misgravius
884 2081 1050 2170 requisivit,
1069 2085 1251 2152 annuntiatum

155 2185 206 2250 hic
227 2207 256 2248 a
266 2191 355 2273 poeta
376 2206 455 2252 esse.
497 2183 610 2270 Verum
638 2205 703 2250 cum
725 2184 816 2249 verba
836 2183 906 2266 illa,
934 2203 1011 2270 quae
1032 2186 1133 2270 corrig
1134 2186 1143 2246 i
1166 2185 1250 2250 Illus-

68 2297 74 2308 ·
125 2348 130 2355 ,
157 2285 279 2374 gravius
301 2283 404 2367 voluit,
425 2283 585 2350 sanissima
601 2299 672 2349 esse
684 2283 825 2384 nulleque
841 2284 964 2378 negotiu
983 2284 1025 2348 ita
1040 2285 1145 2348 mutari
1162 2307 1251 2372 qusse
1267 2331 1281 2344 i

157 2386 327 2467 videantur,
367 2393 400 2449 ut
430 2407 512 2469 eam,
545 2405 630 2472 quum
661 2385 853 2471 requirimus,
879 2373 1057 2450 sententiam
1076 2386 1250 2472 praebeant,

158 2485 294 2574 equidem
321 2486 368 2550 sic
394 2485 549 2569 existimo,
575 2483 723 2558 excidisse
748 2489 818 2582 pust
837 2505 876 2550 ea
896 2485 987 2549 verda
1007 2489 1100 2550 tetum
1122 2499 1249 2568 versantu,

158 2607 215 2675 quc
236 2587 293 2651 hcc
313 2593 402 2675 poeta
421 2585 547 2651 dixerit:
568 2591 716 2650 vestem
737 2584 841 2650 illam
861 2585 1091 2650 mortiferam
1113 2586 1248 2650 marite
1276 2599 1279 2604 ’

159 2691 308 2754 texens.
360 2685 490 2762 Cuius
481 2707 512 2750 m
540 2706 646 2750 versus
674 2685 734 2750 dne
763 2685 791 2750 si
816 2685 944 2773 pesitum
969 2692 1052 2768 erat,
1082 2688 1159 2771 qnod
1180 2688 1250 2774 puni

126 2851 130 2856 ,
159 2786 309 2852 commode
334 2787 447 2874 putuit,
476 2786 692 2864 substantivum
717 2779 894 2873 φάρος,
873 2783 1014 2848 facillimo
1037 2805 1140 2849 οιιοιο
1160 2787 1249 2852 libra-

156 2889 234 2952 rium
252 2883 337 2975 =patet
358 2908 376 2950 a
396 2908 424 2951 v
446 2883 535 2969 906.,
557 2887 639 2950 cuius
661 2885 693 2950 in
715 2885 774 2953 tine
794 2881 902 2970 πάρος
921 2864 1049 2971 pesitum
1071 2892 1127 2966 est,
1149 2888 1250 2950 statim

159 2987 246 3053 adv.
266 2985 340 3053 906.
361 2988 501 3052 aberrare
520 2987 664 3074 putuisse.
707 2984 801 3074 Vides
819 2989 918 3048 autem
936 2982 1089 3071 aptissime
1102 3005 1181 3050 ιιιιου
1196 2988 1248 3052 ub·
1273 3003 1278 3018 ’

158 3097 240 3152 ortas
263 3087 322 3172 dici
337 3086 501 3153 Deianirae
521 3087 717 3171 lacrimas,
692 3107 719 3151 sn
735 3068 856 3173 'quande
873 3083 1025 3172 attigisset
1042 3085 1250 3170 instrumenta,
1284 3131 1316 3168 ·.

159 3188 265 3274 quibus
292 3195 404 3254 vestem
437 3186 518 3252 illam
544 3187 682 3271 iecisset,
712 3185 900 3269 recordatae,
936 3186 1004 3253 istis
1038 3185 1112 3276 ipsis
1143 3188 1248 3254 marita

159 3309 214 3354 suc
235 3289 444 3357 interitum-se
463 3287 609 3353 attulisse.
817 3323 820 3330 ,

241 3389 279 3454 ln
299 3411 327 3455 ι.
342 3387 415 3458 908.
437 3384 474 3451 εἴ
490 3409 549 3452 του
568 3384 677 3476 φίλων
696 3384 858 3474 βλέψειεν
879 3381 1014 3460 οἰκετῶν
1028 3389 1137 3478 δέμας
1158 3392 1252 3457 adhuc

135 3489 336 3577 -interpretes
373 3509 475 3553 omnes
507 3490 692 3572 substantivo
723 3483 861 3556 cistarcia
890 3492 1018 3558 famulus
1051 3493 1115 3558 sive
1147 3513 1251 3557 servus

34 3683 39 3710 ¹
158 3705 246 3771 esse,
272 3709 331 3754 nen
359 3689 453 3755 selum
480 3711 518 3754 ex
545 3688 645 3754 additu
671 3687 817 3756 adiectire
843 3687 970 3776 φίλων,
996 3693 1072 3780 qued
1101 3693 1173 3756 minc
1194 3692 1252 3756 huc
1302 3705 1307 3716 ¹

157 3785 223 3855 lece
250 3791 345 3856 servis
371 3791 512 3856 tributum
538 3797 637 3870 esset,
666 3787 720 3854 sed
748 3789 838 3856 etiam
865 3793 979 3875 exiis,
1006 3795 1059 3882 qui
1079 3800 1253 3878 sequuntur²

157 3890 293 3971 uersibus
315 3890 405 3956 facilc
428 3888 570 3977 cognosci
580 3897 694 3978 ‚petest
725 3891 831 3978 Neque
847 3895 925 3958 enim
943 3895 1023 3958 servi
1040 3893 1097 3956 dici
1115 3899 1253 3979 [tuterunt

156 3990 281 4056 interitu
302 3990 443 4057 Herculis
465 3985 620 4056 miseriore
642 3991 723 4055 effici
732 3991 936 4078 condicione,
966 3989 1040 4056 aden
1063 4001 1095 4055 ut
1117 4013 1181 4056 cam
1200 4013 1252 4056 se-

157 4111 223 4156 cum
254 4099 396 4179 reputans
428 4087 575 4155 Deianira
605 4090 638 4156 in
674 4111 768 4157 nurus
800 4099 967 4180 erumperet
997 4090 1094 4158 lletus
1148 4093 1253 4180 ltuque

156 4189 277 4256 etiuuui
295 4189 415 4256 aliunde
435 4212 496 4255 non
514 4198 685 4276 constaret,
709 4184 839 4265 ciuitas
859 4211 921 4256 neu
941 4191 1035 4258 sulum
1057 4212 1160 4258 sartos
1183 4210 1253 4258 essu

156 4285 268 4372 dictus,
282 4289 344 4358 scd
366 4291 538 4378 quicumque
556 4290 606 4357 ud
618 4289 761 4370 candian
774 4290 927 4360 donumve
946 4295 1179 4462 peetqqerent,
1159 4291 1251 4358 ueluti

659 4631 666 4668 l
