3028 5096
679 377 686 387 ‘
765 395 857 460 -ιιιι

278 580 387 648 dictum
409 601 487 662 esso,
510 599 545 644 eo
567 577 770 657 incredibilius
792 588 859 664 est,
877 600 933 666 quo
952 579 1198 669 accommodatius
1214 579 1291 645 idem
1306 579 1370 667 ple-

277 681 402 745 nissime
422 680 532 768 exponi
554 701 581 744 v.
605 678 665 744 155
687 701 750 767 sqq.
773 678 915 745 videmus.
961 679 970 688 ’

361 779 475 844 Μιιοιι
503 778 591 842 etiam
622 787 710 866 atque
739 801 869 844 summae
898 779 972 845 adeo
1001 781 1164 844 offensioni
1191 796 1260 844 sunt
1281 779 1374 844 verba

246 947 249 960 ,
277 872 507 963 wiliarium
529 877 692 962 rosderbdv
713 880 823 960 πῆμα,
844 881 948 965 quibus
965 879 1147 945 intolerabili
1161 881 1279 968 ratione
1293 877 1373 944 idem

275 987 401 1070 ‘prorsus
423 976 538 1064 (licetur
558 986 647 1065 atque
668 977 778 1050 dictum
798 978 884 1056 modo
912 987 960 1045 est
987 1001 1015 1047 v.
1036 978 1088 1056 ιιι,
1111 979 1229 1064 σχεδόν
1250 974 1280 1043 3’
1300 973 1374 1042 ἑπι-

279 1073 411 1160 σταμαί
438 1099 471 1140 τι
496 1075 577 1159 πῆμ’
608 1075 728 1161 ’ἔχοντά
757 1098 820 1141 νιν.
871 1077 957 1154 Cave
975 1081 1058 1144 enim
1074 1089 1177 1168 putes,
1200 1079 1300 1143 addito
1320 1077 1374 1142 ad-

199 1213 217 1255 ·,
253 1179 389 1243 ‘iectivo‘
415 1176 526 1240 ὁιιιιόν
553 1178 611 1243 dici
639 1177 766 1263 abqoid,
793 1171 869 1264 quod
895 1201 983 1246 versu
1008 1181 1062 1244 illo
1088 1202 1149 1260 non
1175 1179 1374 1243 contineatur.

229 1271 235 1276 ’
280 1278 334 1344 Sic
357 1278 448 1340 enim‘
461 1290 511 1340 res
540 1275 673 1359 ferebat,
699 1285 759 1360 ot,
773 1279 800 1342 si
829 1279 945 1344 vivebat
965 1280 1131 1360 Hercules,
1146 1363 1150 1370 Ι
1163 1299 1220 1368 quo
1242 1285 1376 1364 tempore

280 1378 349 1440 linis
371 1377 503 1440 laborum
525 1377 641 1442 loturus
664 1385 747 1459 erat,
769 1385 850 1442 certo
872 1379 964 1444 sciret
986 1381 1147 1458 Deianira,
1166 1378 1310 1462 reliquam
1331 1377 1377 1440 vi·
1403 1433 1406 1442 .

281 1485 342 1540 tam
365 1497 430 1539 eom
453 1476 625 1540 felicissimo
647 1483 864 1540 transactorum
884 1500 964 1545 esse.
972 1480 1113 1565 ltaque
1134 1496 1208 1542 cum
1222 1478 1325 1540 timere
1340 1498 1377 1540 se

281 1577 339 1656 ait,
367 1597 409 1638 nc
437 1573 603 1640 calamitate
635 1576 831 1640 alllictus't
789 1585 831 1640 ιιι
834 1577 947 1658 ,nibil
973 1599 1096 1666 prorsus
1118 1577 1266 1642 dicere'
1238 1577 1297 1642 nisi
1318 1577 1377 1640 boc

280 1675 478 1768 intelligitur,
512 1677 615 1739 timere
645 1697 697 1759 se,
726 1699 764 1739 ne
791 1626 924 1764 pellent
974 1679 1056 1742 Hinc
1084 1678 1164 1742 inlra
1192 1699 1219 1742 v.
1241 1676 1292 1742 73.
1318 1677 1377 1740 hoc

281 1797 370 1841 unum
393 1771 567 1862 quaeritent
589 1775 682 1862 lelo
704 1776 781 1841 filio:
1246 1791 1258 1803 '

435 1926 500 1988 ποῦ
509 1900 607 2002 ὁητιι
629 1925 688 1990 νῦν
711 1922 819 2004 §cist
796 1951 817 2003 η
840 1924 960 1992 θανών
982 1909 1197 2009 appellitae
1241 1979 1248 1987 .

36 2122 46 2130 -
110 2075 124 2092 ”
208 2155 213 2160 ,
282 2079 441 2147 Postremo
469 2075 609 2160 adverte,
647 2086 758 2164 quanta
787 2100 851 2142 oum
880 2079 1094 2166 perversitate,
1128 2101 1183 2144 ιιι.
1209 2046 1379 2144 calamitate

282 2179 377 2266 premi
403 2177 563 2242 Herculem
591 2185 690 2278 putet,
722 2177 868 2242 Deianira
899 2179 1006 2244 iterum
1041 2179 1140 2244 verbis
1173 2180 1379 2266 sequentibus,

284 2275 447 2356 τοιαύτην
472 2275 573 2360 ἐμοὶ
571 2269 700 2342 δὲλτοι·
728 2274 878 2342 λιπών”
861 2299 999 2363 euterpe,
1035 2301 1109 2344 eam·
1130 2281 1225 2367 ipsam
1256 2299 1379 2343 causam
1437 2291 1443 2298 “

285 2381 412 2461 afferat,
441 2399 499 2464 qua
528 2399 561 2442 se
588 2381 764 2442 commoveri
792 2379 878 2444 modo
906 2379 1036 2460 dixerat,
1062 2389 1096 2444 ut
1115 2378 1275 2462 Herculem
1298 2378 1380 2443 cala-

284 2481 387 2544 mitate
402 2479 507 2566 premi
534 2485 667 2566 putaret,
696 2479 743 2542 bis
765 2479 879 2562 verbis,
907 2477 1033 2557 mlrl‘o
964 2480 1093 2564 ιιμοὶ
1113 2479 1235 2566 πικράς
1254 2477 1380 2552 ὠδῖνας

212 2655 218 2663 ¹
284 2575 388 2644 edred
408 2574 645 2663 mpocqlaleiv'
621 2573 806 2662 αποίχεται.
912 2645 915 2652 Α

369 2679 454 2744 Haec
480 2679 573 2767 igitur
600 2677 713 2753 omnia,
742 2700 838 2767 quae.
845 2679 1003 2744 hactenus
1009 2681 1189 2763 notavimus,
1216 2681 1265 2767 qui
1286 2681 1381 2745 scribi

285 2802 305 2843 a
325 2778 474 2867 Sophocle
503 2778 635 2864 potuisse
664 2779 790 2842 animum
818 2779 954 2862 inducat,
989 2803 1055 2845 eum
1084 2781 1246 2868 equidem
1238 2802 1381 2868 ignorare

287 2881 446 2963 contendo,
470 2879 564 2966 qualis
579 2879 638 2943 ille
660 2887 748 2966 poeta
768 2880 875 2962 luerit,
900 2881 986 2945 cuius
1009 2883 1176 2948 estabelis
1198 2882 1289 2948 ullum
1309 2903 1380 2969 pro-

226 3067 236 3080 ,
286 2983 361 3047 terri
383 2982 477 3046 locum
499 2989 587 3092 posse
608 3000 689 3066 nego
696 2979 793 3061 ,nisi
815 2981 864 3065 qui
884 2981 950 3076 ipse
972 2991 1054 3046 certa
1073 2983 1341 3070 interpolationis
1332 3005 1380 3045 m-

287 3082 365 3145 dicia
385 3082 504 3161 babeat,
482 3079 555 3142 tin
578 3099 645 3164 quo,
668 3101 742 3165 quae
764 3079 849 3150 niodo
872 3089 945 3170 apte
961 3081 1112 3148 declarata
1133 3084 1282 3148 sententia
1303 3092 1380 3165 erat,
1414 3141 1428 3148 -

288 3163 389 3258 eadem
415 3130 551 3244 versibus
577 3188 646 3242 cont
647 3180 716 3243 iouo
744 3182 898 3268 sequentib
902 3203 934 3245 us
883 3182 1012 3246 ltead
997 3204 1031 3247 o
1052 3204 1192 3271 perverse
1212 3205 1307 3272 paene
1327 3185 1382 3247 iis-

289 3282 354 3346 dem
381 3280 480 3343 verbis
507 3287 625 3364 praeter
650 3279 739 3346 ollam
765 3280 973 3349 necessitatem
1002 3285 1139 3372 repetita
1151 3285 1200 3349 sit.
1243 3283 1381 3366 Accedit,

226 3399 229 3408 ⁴
289 3379 383 3468 quod,
406 3401 480 3494 quae
502 3377 567 3442 sola
588 3381 678 3442 verba
699 3381 809 3495 aliquid
829 3383 898 3446 novi
920 3384 1086 3467 continent,
1109 3381 1171 3462 τήν
1192 3381 1254 3467 ἐγώ
1277 3381 1383 3468 θαμά

288 3475 429 3555 θεοῖς’
410 3477 541 3562 αρῶιιαι
557 3499 708 3562 ιιημοιιις
725 3475 805 3562 ἄτερ
823 3481 958 3564 λαβεῖν,
971 3482 1112 3548 addita
1088 3506 1153 3549 mne
1173 3484 1259 3550 dubio
1277 3507 1383 3550 versus

289 3582 427 3674 explendi
449 3601 555 3662 causa,
583 3581 701 3644 minime
722 3581 768 3644 rei
789 3582 1008 3646 accommodata
1028 3593 1106 3650 sunt.
1149 3587 1227 3650 Nam
1249 3585 1383 3672 quamvis

288 3692 370 3748 recte
391 3681 639 3795 Neoptolemus,
654 3704 717 3744 cum
741 3682 770 3745 ei
790 3701 872 3746 arma
893 3682 1032 3748 Herculis
1055 3705 1073 3747 a
1093 3663 1262 3758 Philocteta
1284 3684 1384 3749 trade-

288 3795 405 3865 rentur,
427 3804 466 3846 ne
487 3782 646 3866 perniciem
668 3783 726 3847 sibi
751 3782 905 3864 afferrent,
928 3785 1066 3872 optarit
1059 3785 1137 3848 rnvid
1140 3787 1254 3872 iamque
1276 3785 1383 3873 depre-

290 3893 374 3951 catus
397 3884 451 3964 sit,
480 3881 596 3966 aliaque
624 3873 734 3946 similia
759 3904 848 3969 saepo
876 3882 957 3948 dicto
983 3885 1057 3966 siut,
1087 3894 1185 3950 tamen
1206 3887 1386 3970 Deianiram

289 4006 351 4058 non
373 3981 511 4047 convenit
531 3991 649 4068 optare,
671 3991 703 4046 ut
725 3981 835 4046 tabella
856 3982 925 4066 illa,
940 4007 1035 4070 quum
1056 3985 1203 4051 Hercules
1225 3965 1386 4052 discedens

290 4083 420 4169 reliquit,
442 4082 507 4146 sine
529 4079 633 4144 tlaurno
657 4089 751 4162 esset,
774 4097 848 4178 quae
870 4084 926 4146 boc
947 4107 1034 4154 uuum
1051 4109 1167 4174 precari
1158 4086 1252 4150 deos
1269 4095 1387 4176 posset,

293 4184 445 4249 infausta
465 4202 535 4276 pars
558 4182 709 4264 oraculi,
700 4203 733 4245 ιιι
755 4159 865 4246 tabella
885 4183 938 4247 illa
958 4187 1133 4274 per·‚scrip
1094 4187 1114 4250 ti
1155 4188 1297 4274 eveniret.

210 4313 213 4325 ·
300 4377 305 4386 ῃ
376 4281 442 4347 llas
465 4283 501 4346 ob
524 4303 677 4348 causasv.
698 4277 835 4346 44-48.
858 4283 894 4351 ab
916 4283 1061 4354 histrione
1086 4237 1201 4418 additos
1224 4267 1356 4398 iudico.
