<?xml version="1.0" encoding="UTF-8"?>
<!DOCTYPE html PUBLIC "-//W3C//DTD XHTML 1.0 Transitional//EN"
    "http://www.w3.org/TR/xhtml1/DTD/xhtml1-transitional.dtd">
<html xmlns="http://www.w3.org/1999/xhtml" xml:lang="en" lang="en">
 <head>
  <title>
</title>
<meta http-equiv="Content-Type" content="text/html;charset=utf-8" />
  <meta name='ocr-system' content='tesseract 3.04.00' />
  <meta name='ocr-capabilities' content='ocr_page ocr_carea ocr_par ocr_line ocrx_word'/>
</head>
<body>
  <div class='ocr_page' id='page_1' title='image "./eduardiwunderie00wundgoog/eduardiwunderie00wundgoog_0171.png"; bbox 0 0 3028 5096; ppageno 0'>
   <div class='ocr_carea' id='block_1_1' title="bbox 800 379 867 466">
    <p class='ocr_par' dir='ltr' id='par_1_1' title="bbox 800 379 867 466">
     <span class='ocr_line' id='line_1_1' title="bbox 800 379 867 466; baseline 0 -12"><span class='ocrx_word' id='word_1_1' title='bbox 800 379 867 466; x_wconf 27' lang='lat'><strong>,156</strong></span> 
     </span>
    </p>
   </div>
   <div class='ocr_carea' id='block_1_2' title="bbox 734 485 938 498">
    <p class='ocr_par' dir='ltr' id='par_1_2' title="bbox 734 485 938 498">
     <span class='ocr_line' id='line_1_2' title="bbox 734 485 938 498; baseline 0 -2"><span class='ocrx_word' id='word_1_2' title='bbox 734 485 938 498; x_wconf 62' lang='lat' dir='ltr'><strong>t—-u-——u-tn-</strong></span> 
     </span>
    </p>
   </div>
   <div class='ocr_carea' id='block_1_3' title="bbox 343 563 1167 762">
    <p class='ocr_par' dir='ltr' id='par_1_3' title="bbox 343 563 1167 762">
     <span class='ocr_line' id='line_1_3' title="bbox 388 563 1167 664; baseline -0.003 -26"><span class='ocrx_word' id='word_1_3' title='bbox 388 601 390 622; x_wconf 64' lang='lat'>1</span> <span class='ocrx_word' id='word_1_4' title='bbox 443 571 574 664; x_wconf 56' lang='lat' dir='ltr'><strong>deone,</strong></span> <span class='ocrx_word' id='word_1_5' title='bbox 587 571 828 658; x_wconf 70' lang='lat' dir='ltr'><strong>aeaeupaaza,</strong></span> <span class='ocrx_word' id='word_1_6' title='bbox 851 569 1039 659; x_wconf 70' lang='grc' dir='ltr'><strong><em>θαυμάτων</em></strong></span> <span class='ocrx_word' id='word_1_7' title='bbox 1052 573 1138 660; x_wconf 77' lang='grc' dir='ltr'><strong><em>πέρα</em></strong></span> <span class='ocrx_word' id='word_1_8' title='bbox 1144 563 1167 653; x_wconf 81' lang='grc'><strong>,’</strong></span> 
     </span>
     <span class='ocr_line' id='line_1_4' title="bbox 343 667 1007 762; baseline 0 -19"><span class='ocrx_word' id='word_1_9' title='bbox 343 705 348 712; x_wconf 93' lang='lat'>·</span> <span class='ocrx_word' id='word_1_10' title='bbox 443 672 503 762; x_wconf 74' lang='grc' dir='ltr'><strong>οὐχ</strong></span> <span class='ocrx_word' id='word_1_11' title='bbox 516 667 894 757; x_wconf 71' lang='grc' dir='ltr'>ὅσιάτ’,οιὶόἀνεκιά.</span> <span class='ocrx_word' id='word_1_12' title='bbox 937 713 943 744; x_wconf 77' lang='grc' dir='ltr'><strong>ι</strong></span> <span class='ocrx_word' id='word_1_13' title='bbox 999 749 1007 762; x_wconf 58' lang='grc'><em>,</em></span> 
     </span>
    </p>
   </div>
   <div class='ocr_carea' id='block_1_4' title="bbox 178 812 1387 947">
    <p class='ocr_par' dir='ltr' id='par_1_4' title="bbox 178 812 1387 947">
     <span class='ocr_line' id='line_1_5' title="bbox 178 812 1387 947; baseline -0.002 -53"><span class='ocrx_word' id='word_1_14' title='bbox 178 899 183 918; x_wconf 61' lang='lat'><strong>,</strong></span> <span class='ocrx_word' id='word_1_15' title='bbox 289 829 480 916; x_wconf 84' lang='lat' dir='ltr'><strong>Hesychius.</strong></span> <span class='ocrx_word' id='word_1_16' title='bbox 504 825 609 915; x_wconf 82' lang='grc' dir='ltr'>ιιέρα</span> <span class='ocrx_word' id='word_1_17' title='bbox 630 825 770 942; x_wconf 74' lang='grc' dir='ltr'><em>λόγου·</em></span> <span class='ocrx_word' id='word_1_18' title='bbox 796 821 878 914; x_wconf 78' lang='grc' dir='ltr'><strong><em>ὑπὲρ</em></strong></span> <span class='ocrx_word' id='word_1_19' title='bbox 894 812 1013 914; x_wconf 73' lang='grc' dir='ltr'><strong><em>λόγον</em></strong></span> <span class='ocrx_word' id='word_1_20' title='bbox 1063 828 1192 947; x_wconf 81' lang='lat' dir='ltr'><strong>Atque</strong></span> <span class='ocrx_word' id='word_1_21' title='bbox 1183 851 1278 918; x_wconf 90' lang='lat' dir='ltr'><strong>rpsum</strong></span> <span class='ocrx_word' id='word_1_22' title='bbox 1299 829 1387 912; x_wconf 91' lang='lat' dir='ltr'><strong>illud,</strong></span> 
     </span>
    </p>
   </div>
   <div class='ocr_carea' id='block_1_5' title="bbox 270 909 1389 1327">
    <p class='ocr_par' dir='ltr' id='par_1_5' title="bbox 270 909 1389 1327">
     <span class='ocr_line' id='line_1_6' title="bbox 290 909 1389 1044; baseline 0 -50"><span class='ocrx_word' id='word_1_23' title='bbox 290 930 368 1016; x_wconf 89' lang='lat' dir='ltr'><strong>quod</strong></span> <span class='ocrx_word' id='word_1_24' title='bbox 389 930 531 1044; x_wconf 83' lang='lat' dir='ltr'><strong>scriptum</strong></span> <span class='ocrx_word' id='word_1_25' title='bbox 553 950 620 993; x_wconf 88' lang='lat' dir='ltr'><strong>esse</strong></span> <span class='ocrx_word' id='word_1_26' title='bbox 642 949 661 991; x_wconf 87' lang='lat' dir='ltr'><strong>a</strong></span> <span class='ocrx_word' id='word_1_27' title='bbox 682 909 839 1016; x_wconf 72' lang='lat' dir='ltr'><strong>Sophocle</strong></span> <span class='ocrx_word' id='word_1_28' title='bbox 854 927 931 1012; x_wconf 82' lang='lat' dir='ltr'><strong>dixi,</strong></span> <span class='ocrx_word' id='word_1_29' title='bbox 961 925 1070 1008; x_wconf 75' lang='grc' dir='ltr'><strong><em>λόγων</em></strong></span> <span class='ocrx_word' id='word_1_30' title='bbox 1086 929 1187 1016; x_wconf 81' lang='grc' dir='ltr'><strong><em>πέρα,</em></strong></span> <span class='ocrx_word' id='word_1_31' title='bbox 1215 930 1266 994; x_wconf 81' lang='lat' dir='ltr'><strong>vix</strong></span> <span class='ocrx_word' id='word_1_32' title='bbox 1287 939 1389 1018; x_wconf 86' lang='lat' dir='ltr'><strong>potest</strong></span> 
     </span>
     <span class='ocr_line' id='line_1_7' title="bbox 270 1028 1386 1117; baseline 0.005 -28"><span class='ocrx_word' id='word_1_33' title='bbox 270 1029 435 1114; x_wconf 80' lang='lat' dir='ltr'><strong>dubitari,</strong></span> <span class='ocrx_word' id='word_1_34' title='bbox 465 1029 535 1117; x_wconf 91' lang='lat' dir='ltr'><strong>quin</strong></span> <span class='ocrx_word' id='word_1_35' title='bbox 556 1028 601 1095; x_wconf 90' lang='lat' dir='ltr'><strong>M.</strong></span> <span class='ocrx_word' id='word_1_36' title='bbox 625 1028 747 1094; x_wconf 89' lang='lat' dir='ltr'><strong>Tullius</strong></span> <span class='ocrx_word' id='word_1_37' title='bbox 769 1028 896 1116; x_wconf 82' lang='lat' dir='ltr'><strong>legerit,</strong></span> <span class='ocrx_word' id='word_1_38' title='bbox 922 1031 974 1116; x_wconf 92' lang='lat' dir='ltr'><strong>qui</strong></span> <span class='ocrx_word' id='word_1_39' title='bbox 995 1029 1118 1104; x_wconf 79' lang='lat' dir='ltr'><strong>Quaest.</strong></span> <span class='ocrx_word' id='word_1_40' title='bbox 1141 1029 1267 1096; x_wconf 82' lang='lat' dir='ltr'><strong>Tuscul.</strong></span> <span class='ocrx_word' id='word_1_41' title='bbox 1289 1031 1332 1113; x_wconf 87' lang='lat' dir='ltr'><strong>ll,</strong></span> <span class='ocrx_word' id='word_1_42' title='bbox 1354 1029 1386 1095; x_wconf 82' lang='grc' dir='ltr'><strong>Θ.</strong></span> 
     </span>
     <span class='ocr_line' id='line_1_8' title="bbox 288 1128 1387 1220; baseline -0.001 -26"><span class='ocrx_word' id='word_1_43' title='bbox 288 1131 414 1220; x_wconf 92' lang='lat' dir='ltr'><strong>primum</strong></span> <span class='ocrx_word' id='word_1_44' title='bbox 436 1149 572 1195; x_wconf 90' lang='lat' dir='ltr'><strong>versuum</strong></span> <span class='ocrx_word' id='word_1_45' title='bbox 593 1128 722 1216; x_wconf 83' lang='lat' dir='ltr'><strong>illerum,</strong></span> <span class='ocrx_word' id='word_1_46' title='bbox 744 1145 817 1216; x_wconf 80' lang='lat' dir='ltr'><strong>quos</strong></span> <span class='ocrx_word' id='word_1_47' title='bbox 838 1128 992 1218; x_wconf 80' lang='lat' dir='ltr'><strong>descripsi,</strong></span> <span class='ocrx_word' id='word_1_48' title='bbox 1007 1131 1049 1195; x_wconf 90' lang='lat' dir='ltr'><strong>ita</strong></span> <span class='ocrx_word' id='word_1_49' title='bbox 1065 1131 1204 1194; x_wconf 88' lang='lat' dir='ltr'><strong>verterit:</strong></span> <span class='ocrx_word' id='word_1_50' title='bbox 1226 1130 1387 1194; x_wconf 80' lang='lat' dir='ltr'><strong>omulta</strong></span> 
     </span>
     <span class='ocr_line' id='line_1_9' title="bbox 289 1229 1386 1327; baseline -0.003 -31"><span class='ocrx_word' id='word_1_51' title='bbox 289 1231 394 1296; x_wconf 87' lang='lat' dir='ltr'><strong>dictu</strong></span> <span class='ocrx_word' id='word_1_52' title='bbox 423 1230 567 1318; x_wconf 82' lang='lat' dir='ltr'><strong>grevia,</strong></span> <span class='ocrx_word' id='word_1_53' title='bbox 596 1251 784 1327; x_wconf 79' lang='lat' dir='ltr'><strong>perpessu</strong></span> <span class='ocrx_word' id='word_1_54' title='bbox 811 1251 959 1318; x_wconf 79' lang='lat' dir='ltr'><strong>aspera.</strong></span> <span class='ocrx_word' id='word_1_55' title='bbox 1006 1231 1084 1295; x_wconf 86' lang='lat' dir='ltr'><strong>Nam</strong></span> <span class='ocrx_word' id='word_1_56' title='bbox 1114 1229 1172 1294; x_wconf 89' lang='lat' dir='ltr'><strong>etsi</strong></span> <span class='ocrx_word' id='word_1_57' title='bbox 1199 1231 1319 1319; x_wconf 89' lang='lat' dir='ltr'><strong>proprie</strong></span> <span class='ocrx_word' id='word_1_58' title='bbox 1340 1231 1386 1293; x_wconf 85' lang='grc' dir='ltr'><strong>τοὶ</strong></span> 
     </span>
    </p>
   </div>
   <div class='ocr_carea' id='block_1_6' title="bbox 150 1307 1384 1520">
    <p class='ocr_par' dir='ltr' id='par_1_6' title="bbox 150 1307 1384 1520">
     <span class='ocr_line' id='line_1_10' title="bbox 166 1307 1384 1418; baseline 0 -23"><span class='ocrx_word' id='word_1_59' title='bbox 166 1307 176 1311; x_wconf 39' lang='grc'><em>’</em></span> <span class='ocrx_word' id='word_1_60' title='bbox 224 1323 233 1328; x_wconf 67' lang='grc'><em>”</em></span> <span class='ocrx_word' id='word_1_61' title='bbox 289 1327 401 1413; x_wconf 74' lang='grc' dir='ltr'><strong><em>λόγων</em></strong></span> <span class='ocrx_word' id='word_1_62' title='bbox 416 1329 509 1414; x_wconf 53' lang='grc' dir='ltr'><strong><em>’πέρα</em></strong></span> <span class='ocrx_word' id='word_1_63' title='bbox 530 1331 704 1418; x_wconf 78' lang='lat' dir='ltr'><strong>significant</strong></span> <span class='ocrx_word' id='word_1_64' title='bbox 725 1352 817 1417; x_wconf 87' lang='lat' dir='ltr'><strong>quae</strong></span> <span class='ocrx_word' id='word_1_65' title='bbox 837 1329 1158 1397; x_wconf 75' lang='lat' dir='ltr'><strong>verbis&#39;de&#39;scribi</strong></span> <span class='ocrx_word' id='word_1_66' title='bbox 1180 1339 1384 1417; x_wconf 79' lang='lat' dir='ltr'><strong>nequeunt,</strong></span> 
     </span>
     <span class='ocr_line' id='line_1_11' title="bbox 150 1428 1384 1520; baseline 0.001 -24"><span class='ocrx_word' id='word_1_67' title='bbox 150 1430 158 1438; x_wconf 74' lang='grc'><strong>’</strong></span> <span class='ocrx_word' id='word_1_68' title='bbox 235 1460 259 1520; x_wconf 85' lang='lat'><strong>&#39;.</strong></span> <span class='ocrx_word' id='word_1_69' title='bbox 289 1439 388 1497; x_wconf 87' lang='lat' dir='ltr'><strong>tamen</strong></span> <span class='ocrx_word' id='word_1_70' title='bbox 404 1452 515 1498; x_wconf 88' lang='lat' dir='ltr'><strong>summo</strong></span> <span class='ocrx_word' id='word_1_71' title='bbox 535 1432 601 1494; x_wconf 91' lang='lat' dir='ltr'><strong>iure</strong></span> <span class='ocrx_word' id='word_1_72' title='bbox 618 1452 636 1494; x_wconf 85' lang='lat' dir='ltr'><strong>a</strong></span> <span class='ocrx_word' id='word_1_73' title='bbox 651 1437 740 1518; x_wconf 88' lang='lat' dir='ltr'><strong>poeta</strong></span> <span class='ocrx_word' id='word_1_74' title='bbox 751 1428 846 1506; x_wconf 85' lang='lat' dir='ltr'><strong>reddi</strong></span> <span class='ocrx_word' id='word_1_75' title='bbox 861 1431 905 1496; x_wconf 91' lang='lat' dir='ltr'><strong>sic</strong></span> <span class='ocrx_word' id='word_1_76' title='bbox 920 1439 1090 1519; x_wconf 89' lang='lat' dir='ltr'><strong>potuerunt,</strong></span> <span class='ocrx_word' id='word_1_77' title='bbox 1113 1429 1146 1495; x_wconf 90' lang='lat' dir='ltr'><strong>di</strong></span> <span class='ocrx_word' id='word_1_78' title='bbox 1157 1439 1215 1497; x_wconf 90' lang='lat' dir='ltr'><strong>ctu</strong></span> <span class='ocrx_word' id='word_1_79' title='bbox 1238 1432 1384 1519; x_wconf 83' lang='lat' dir='ltr'><strong>gravia.</strong></span> 
     </span>
    </p>
   </div>
   <div class='ocr_carea' id='block_1_7' title="bbox 197 1579 1386 2278">
    <p class='ocr_par' dir='ltr' id='par_1_7' title="bbox 197 1579 1386 2172">
     <span class='ocr_line' id='line_1_12' title="bbox 371 1579 1386 1670; baseline 0 -24"><span class='ocrx_word' id='word_1_80' title='bbox 371 1581 409 1646; x_wconf 93' lang='lat' dir='ltr'><strong>In</strong></span> <span class='ocrx_word' id='word_1_81' title='bbox 430 1602 519 1645; x_wconf 80' lang='lat' dir='ltr'><strong>versu</strong></span> <span class='ocrx_word' id='word_1_82' title='bbox 541 1582 629 1645; x_wconf 90' lang='lat' dir='ltr'><strong>tertio</strong></span> <span class='ocrx_word' id='word_1_83' title='bbox 651 1589 698 1647; x_wconf 88' lang='lat' dir='ltr'><strong>est</strong></span> <span class='ocrx_word' id='word_1_84' title='bbox 717 1581 852 1670; x_wconf 85' lang='lat' dir='ltr'><strong>prolecto</strong></span> <span class='ocrx_word' id='word_1_85' title='bbox 875 1579 953 1666; x_wconf 90' lang='lat' dir='ltr'><strong>quod</strong></span> <span class='ocrx_word' id='word_1_86' title='bbox 973 1581 1090 1667; x_wconf 79' lang='lat' dir='ltr'><strong>mirere,</strong></span> <span class='ocrx_word' id='word_1_87' title='bbox 1112 1583 1259 1648; x_wconf 90' lang='lat' dir='ltr'><strong>neminem</strong></span> <span class='ocrx_word' id='word_1_88' title='bbox 1273 1581 1386 1646; x_wconf 85' lang='lat' dir='ltr'><strong>vidisse</strong></span> 
     </span>
     <span class='ocr_line' id='line_1_13' title="bbox 288 1648 1384 1799; baseline 0 -53"><span class='ocrx_word' id='word_1_89' title='bbox 288 1648 434 1770; x_wconf 80' lang='lat' dir='ltr'><strong>editorum</strong></span> <span class='ocrx_word' id='word_1_90' title='bbox 456 1680 611 1746; x_wconf 86' lang='lat' dir='ltr'><strong>absurdam</strong></span> <span class='ocrx_word' id='word_1_91' title='bbox 633 1703 701 1746; x_wconf 91' lang='lat' dir='ltr'><strong>esse</strong></span> <span class='ocrx_word' id='word_1_92' title='bbox 723 1677 784 1754; x_wconf 72' lang='lat' dir='ltr'><strong>xci</strong></span> <span class='ocrx_word' id='word_1_93' title='bbox 803 1680 960 1799; x_wconf 30' lang='lat' dir='ltr'><strong>copulam,3</strong></span> <span class='ocrx_word' id='word_1_94' title='bbox 958 1679 1150 1747; x_wconf 87' lang='lat' dir='ltr'><strong>adverhie’</strong></span> <span class='ocrx_word' id='word_1_95' title='bbox 1118 1679 1207 1746; x_wconf 72' lang='lat' dir='ltr'><strong>oricum</strong></span> <span class='ocrx_word' id='word_1_96' title='bbox 1228 1685 1384 1772; x_wconf 85' lang='lat' dir='ltr'><strong>praeposi·</strong></span> 
     </span>
     <span class='ocr_line' id='line_1_14' title="bbox 288 1766 1383 1870; baseline -0.002 -22"><span class='ocrx_word' id='word_1_97' title='bbox 288 1791 348 1848; x_wconf 86' lang='lat' dir='ltr'><strong>tam</strong></span> <span class='ocrx_word' id='word_1_98' title='bbox 357 1782 473 1866; x_wconf 87' lang='lat' dir='ltr'><strong>,cum·,</strong></span> <span class='ocrx_word' id='word_1_99' title='bbox 503 1803 577 1868; x_wconf 89' lang='lat' dir='ltr'><strong>quae</strong></span> <span class='ocrx_word' id='word_1_100' title='bbox 598 1781 782 1870; x_wconf 77' lang='grc' dir='ltr'>ριιιιιιιιιιιιι</span> <span class='ocrx_word' id='word_1_101' title='bbox 801 1783 906 1864; x_wconf 87' lang='lat' dir='ltr'><strong>verba,</strong></span> <span class='ocrx_word' id='word_1_102' title='bbox 934 1805 958 1842; x_wconf 88' lang='grc' dir='ltr'>ω</span> <span class='ocrx_word' id='word_1_103' title='bbox 944 1766 1104 1845; x_wconf 71' lang='lat' dir='ltr'><strong>3&#39;cerritior</strong></span> <span class='ocrx_word' id='word_1_104' title='bbox 1118 1780 1224 1862; x_wconf 73' lang='grc' dir='ltr'><strong>δὴ-</strong></span> <span class='ocrx_word' id='word_1_105' title='bbox 1185 1781 1383 1867; x_wconf 76' lang='grc' dir='ltr'><em>-μοχθή-</em></span> 
     </span>
     <span class='ocr_line' id='line_1_15' title="bbox 288 1879 1384 1972; baseline -0.001 -25"><span class='ocrx_word' id='word_1_106' title='bbox 288 1904 350 1958; x_wconf 85' lang='grc' dir='ltr'><strong>σας</strong></span> <span class='ocrx_word' id='word_1_107' title='bbox 379 1879 455 1966; x_wconf 75' lang='grc' dir='ltr'><strong>ἐγώ,</strong></span> <span class='ocrx_word' id='word_1_108' title='bbox 485 1904 540 1972; x_wconf 95' lang='lat' dir='ltr'><strong>pro</strong></span> <span class='ocrx_word' id='word_1_109' title='bbox 569 1905 670 1946; x_wconf 84' lang='lat' dir='ltr'><strong>mere</strong></span> <span class='ocrx_word' id='word_1_110' title='bbox 681 1881 880 1972; x_wconf 81' lang='lat' dir='ltr'><strong>appellatione</strong></span> <span class='ocrx_word' id='word_1_111' title='bbox 909 1882 986 1967; x_wconf 89' lang='lat' dir='ltr'><strong>sint,</strong></span> <span class='ocrx_word' id='word_1_112' title='bbox 1022 1883 1118 1972; x_wconf 91' lang='lat' dir='ltr'><strong>ipsum</strong></span> <span class='ocrx_word' id='word_1_113' title='bbox 1147 1905 1182 1948; x_wconf 90' lang='lat' dir='ltr'><strong>se</strong></span> <span class='ocrx_word' id='word_1_114' title='bbox 1212 1883 1384 1969; x_wconf 73' lang='lat' dir='ltr'><strong>alloquente</strong></span> 
     </span>
     <span class='ocr_line' id='line_1_16' title="bbox 197 1982 1385 2088; baseline -0.002 -40"><span class='ocrx_word' id='word_1_115' title='bbox 197 2054 201 2066; x_wconf 57' lang='lat'>‚</span> <span class='ocrx_word' id='word_1_116' title='bbox 247 2027 251 2048; x_wconf 80' lang='grc'>.</span> <span class='ocrx_word' id='word_1_117' title='bbox 286 1983 435 2066; x_wconf 87' lang='lat' dir='ltr'><strong>Hercule,</strong></span> <span class='ocrx_word' id='word_1_118' title='bbox 458 1982 697 2070; x_wconf 80' lang='lat' dir='ltr'><strong>quemadmodum</strong></span> <span class='ocrx_word' id='word_1_119' title='bbox 719 1982 808 2088; x_wconf 82' lang='lat' dir='ltr'><strong>vulgo</strong></span> <span class='ocrx_word' id='word_1_120' title='bbox 831 1983 907 2046; x_wconf 90' lang='lat' dir='ltr'><strong>alios</strong></span> <span class='ocrx_word' id='word_1_121' title='bbox 928 1982 1040 2070; x_wconf 83' lang='lat' dir='ltr'><strong>alloqui</strong></span> <span class='ocrx_word' id='word_1_122' title='bbox 1061 1983 1200 2050; x_wconf 89' lang='lat' dir='ltr'><strong>solemus.</strong></span> <span class='ocrx_word' id='word_1_123' title='bbox 1242 1983 1385 2048; x_wconf 87' lang='lat' dir='ltr'><strong>Delenda</strong></span> 
     </span>
     <span class='ocr_line' id='line_1_17' title="bbox 205 2067 1384 2192; baseline 0.001 -44"><span class='ocrx_word' id='word_1_124' title='bbox 205 2141 208 2148; x_wconf 80' lang='grc'>,</span> <span class='ocrx_word' id='word_1_125' title='bbox 286 2084 383 2169; x_wconf 75' lang='lat' dir='ltr'><strong>igitur</strong></span> <span class='ocrx_word' id='word_1_126' title='bbox 410 2105 498 2148; x_wconf 84' lang='lat' dir='ltr'><strong>neces</strong></span> <span class='ocrx_word' id='word_1_127' title='bbox 502 2084 581 2149; x_wconf 90' lang='lat' dir='ltr'><strong>sario</strong></span> <span class='ocrx_word' id='word_1_128' title='bbox 609 2084 716 2172; x_wconf 88' lang='lat' dir='ltr'><strong>copula</strong></span> <span class='ocrx_word' id='word_1_129' title='bbox 739 2067 814 2166; x_wconf 86' lang='lat' dir='ltr'><strong>illa,</strong></span> <span class='ocrx_word' id='word_1_130' title='bbox 844 2083 1073 2192; x_wconf 83' lang='lat' dir='ltr'><strong>describentium</strong></span> <span class='ocrx_word' id='word_1_131' title='bbox 1102 2098 1205 2149; x_wconf 81' lang='lat' dir='ltr'><strong>&#39;errore</strong></span> <span class='ocrx_word' id='word_1_132' title='bbox 1233 2103 1272 2149; x_wconf 83' lang='lat' dir='ltr'><strong>ex</strong></span> <span class='ocrx_word' id='word_1_133' title='bbox 1293 2093 1384 2149; x_wconf 86' lang='lat' dir='ltr'><strong>versu</strong></span> 
     </span>
    </p>

    <p class='ocr_par' dir='ltr' id='par_1_8' title="bbox 224 2181 901 2278">
     <span class='ocr_line' id='line_1_18' title="bbox 224 2181 901 2278; baseline -0.003 -30"><span class='ocrx_word' id='word_1_134' title='bbox 224 2272 227 2278; x_wconf 20' lang='grc' dir='ltr'>ι</span> <span class='ocrx_word' id='word_1_135' title='bbox 287 2184 441 2273; x_wconf 88' lang='lat' dir='ltr'><strong>superiore</strong></span> <span class='ocrx_word' id='word_1_136' title='bbox 463 2197 611 2268; x_wconf 76' lang='lat' dir='ltr'><strong>assumta,</strong></span> <span class='ocrx_word' id='word_1_137' title='bbox 640 2181 901 2270; x_wconf 89' lang='lat' dir='ltr'><strong>seribendumque·</strong></span> 
     </span>
    </p>
   </div>
   <div class='ocr_carea' id='block_1_8' title="bbox 438 2329 1076 2424">
    <p class='ocr_par' dir='ltr' id='par_1_9' title="bbox 438 2329 1076 2424">
     <span class='ocr_line' id='line_1_19' title="bbox 438 2329 1076 2424; baseline -0.006 -24"><span class='ocrx_word' id='word_1_138' title='bbox 438 2356 528 2402; x_wconf 70' lang='lat' dir='ltr'><strong>oeno</strong></span> <span class='ocrx_word' id='word_1_139' title='bbox 549 2353 704 2424; x_wconf 77' lang='lat' dir='ltr'><strong>touoqroe</strong></span> <span class='ocrx_word' id='word_1_140' title='bbox 724 2329 793 2400; x_wconf 74' lang='grc' dir='ltr'><strong><em>οὔτ’</em></strong></span> <span class='ocrx_word' id='word_1_141' title='bbox 807 2331 935 2410; x_wconf 76' lang='grc' dir='ltr'>ἄκοιτις</span> <span class='ocrx_word' id='word_1_142' title='bbox 953 2329 1076 2412; x_wconf 67' lang='lat' dir='ltr'><strong>videor.</strong></span> 
     </span>
    </p>
   </div>
   <div class='ocr_carea' id='block_1_9' title="bbox 732 2553 925 2568">
    <p class='ocr_par' dir='ltr' id='par_1_10' title="bbox 732 2553 925 2568">
     <span class='ocr_line' id='line_1_20' title="bbox 732 2553 925 2568; baseline 0 -4"><span class='ocrx_word' id='word_1_143' title='bbox 732 2553 925 2568; x_wconf 50' lang='lat' dir='ltr'><strong>m</strong></span> 
     </span>
    </p>
   </div>
   <div class='ocr_carea' id='block_1_10' title="bbox 699 2709 971 2840">
    <p class='ocr_par' dir='ltr' id='par_1_11' title="bbox 699 2709 971 2840">
     <span class='ocr_line' id='line_1_21' title="bbox 699 2709 971 2840; baseline -0.004 -56"><span class='ocrx_word' id='word_1_144' title='bbox 699 2709 763 2784; x_wconf 90' lang='lat' dir='ltr'><strong>De</strong></span> <span class='ocrx_word' id='word_1_145' title='bbox 795 2735 828 2788; x_wconf 88' lang='grc' dir='ltr'><strong>ιι.</strong></span> <span class='ocrx_word' id='word_1_146' title='bbox 859 2711 971 2840; x_wconf 46' lang='grc' dir='ltr'>ΙΙΙΙῇι.</span> 
     </span>
    </p>
   </div>
   <div class='ocr_carea' id='block_1_11' title="bbox 355 2868 1216 3062">
    <p class='ocr_par' dir='ltr' id='par_1_12' title="bbox 355 2868 1216 3062">
     <span class='ocr_line' id='line_1_22' title="bbox 355 2868 1216 2962; baseline -0.002 -25"><span class='ocrx_word' id='word_1_147' title='bbox 355 2883 358 2894; x_wconf 91' lang='grc'><strong>’</strong></span> <span class='ocrx_word' id='word_1_148' title='bbox 401 2891 403 2894; x_wconf 88' lang='grc'><strong><em>·</em></strong></span> <span class='ocrx_word' id='word_1_149' title='bbox 434 2869 542 2954; x_wconf 71' lang='lat' dir='ltr'><strong>&#39;Emi</strong></span> <span class='ocrx_word' id='word_1_150' title='bbox 563 2871 764 2960; x_wconf 79' lang='grc' dir='ltr'><strong><em>παρέσχες</em></strong></span> <span class='ocrx_word' id='word_1_151' title='bbox 785 2871 1034 2960; x_wconf 73' lang='grc' dir='ltr'>ἀναφωνῆσαι,</span> <span class='ocrx_word' id='word_1_152' title='bbox 1057 2868 1182 2962; x_wconf 72' lang='grc' dir='ltr'><strong><em>πατέρ,</em></strong></span> <span class='ocrx_word' id='word_1_153' title='bbox 1213 2929 1216 2935; x_wconf 94' lang='grc'>.</span> 
     </span>
     <span class='ocr_line' id='line_1_23' title="bbox 438 2969 1215 3062; baseline -0.009 -22"><span class='ocrx_word' id='word_1_154' title='bbox 438 2973 540 3057; x_wconf 80' lang='grc' dir='ltr'>σιγήν</span> <span class='ocrx_word' id='word_1_155' title='bbox 560 2973 740 3062; x_wconf 77' lang='grc' dir='ltr'><strong><em>παρασχών</em></strong></span> <span class='ocrx_word' id='word_1_156' title='bbox 763 2971 869 3039; x_wconf 72' lang='grc' dir='ltr'><strong><em>κλῦθί</em></strong></span> <span class='ocrx_word' id='word_1_157' title='bbox 884 2996 970 3058; x_wconf 78' lang='lat' dir='ltr'><strong>pou,</strong></span> <span class='ocrx_word' id='word_1_158' title='bbox 992 2975 1098 3038; x_wconf 78' lang='lat' dir='ltr'><strong>econio</strong></span> <span class='ocrx_word' id='word_1_159' title='bbox 1120 2969 1215 3059; x_wconf 83' lang='grc' dir='ltr'><strong><em>ὅμως.</em></strong></span> 
     </span>
    </p>
   </div>
   <div class='ocr_carea' id='block_1_12' title="bbox 286 3090 1502 3241">
    <p class='ocr_par' dir='ltr' id='par_1_13' title="bbox 286 3090 1502 3241">
     <span class='ocr_line' id='line_1_24' title="bbox 286 3090 1502 3241; baseline -0.002 -48"><span class='ocrx_word' id='word_1_160' title='bbox 286 3090 423 3194; x_wconf 64' lang='lat' dir='ltr'><strong>Cum&#39;in</strong></span> <span class='ocrx_word' id='word_1_161' title='bbox 452 3127 580 3212; x_wconf 87' lang='lat' dir='ltr'><strong>querelis</strong></span> <span class='ocrx_word' id='word_1_162' title='bbox 609 3127 689 3210; x_wconf 85' lang='lat' dir='ltr'><strong>illis,</strong></span> <span class='ocrx_word' id='word_1_163' title='bbox 720 3149 799 3241; x_wconf 79' lang='lat' dir='ltr'><strong>quqs</strong></span> <span class='ocrx_word' id='word_1_164' title='bbox 820 3125 906 3192; x_wconf 91' lang='lat' dir='ltr'><strong>modo</strong></span> <span class='ocrx_word' id='word_1_165' title='bbox 928 3125 1040 3199; x_wconf 76' lang='lat' dir='ltr'><strong>effudit</strong></span> <span class='ocrx_word' id='word_1_166' title='bbox 1055 3124 1218 3209; x_wconf 89' lang='lat' dir='ltr'><strong>Hercules,</strong></span> <span class='ocrx_word' id='word_1_167' title='bbox 1239 3125 1278 3190; x_wconf 81' lang='lat' dir='ltr'><strong>id·</strong></span> <span class='ocrx_word' id='word_1_168' title='bbox 1293 3147 1383 3204; x_wconf 81' lang='lat' dir='ltr'><strong>upum</strong></span> <span class='ocrx_word' id='word_1_169' title='bbox 1420 3147 1427 3154; x_wconf 91' lang='lat'>·</span> <span class='ocrx_word' id='word_1_170' title='bbox 1501 3099 1502 3158; x_wconf 84' lang='lat'><em>]</em></span> 
     </span>
    </p>
   </div>
   <div class='ocr_carea' id='block_1_13' title="bbox 179 3225 1401 3414">
    <p class='ocr_par' dir='ltr' id='par_1_14' title="bbox 179 3225 1401 3414">
     <span class='ocr_line' id='line_1_25' title="bbox 179 3225 1383 3322; baseline -0.001 -31"><span class='ocrx_word' id='word_1_171' title='bbox 179 3297 184 3306; x_wconf 30' lang='lat'><strong>¹</strong></span> <span class='ocrx_word' id='word_1_172' title='bbox 235 3307 241 3322; x_wconf 43' lang='grc' dir='ltr'><strong><em>Ι</em></strong></span> <span class='ocrx_word' id='word_1_173' title='bbox 285 3227 387 3291; x_wconf 84' lang='lat' dir='ltr'><strong>facere</strong></span> <span class='ocrx_word' id='word_1_174' title='bbox 420 3225 544 3312; x_wconf 84' lang='lat' dir='ltr'><strong>Hyllum</strong></span> <span class='ocrx_word' id='word_1_175' title='bbox 573 3226 682 3309; x_wconf 86' lang='lat' dir='ltr'><strong>filium,</strong></span> <span class='ocrx_word' id='word_1_176' title='bbox 715 3228 765 3316; x_wconf 92' lang='lat' dir='ltr'><strong>qui</strong></span> <span class='ocrx_word' id='word_1_177' title='bbox 797 3227 871 3292; x_wconf 87' lang='lat' dir='ltr'><strong>haec</strong></span> <span class='ocrx_word' id='word_1_178' title='bbox 903 3247 978 3314; x_wconf 86' lang='lat' dir='ltr'><strong>quae</strong></span> <span class='ocrx_word' id='word_1_179' title='bbox 1011 3226 1238 3314; x_wconf 81' lang='lat' dir='ltr'><strong>adscripsimus</strong></span> <span class='ocrx_word' id='word_1_180' title='bbox 1255 3228 1383 3315; x_wconf 79' lang='lat' dir='ltr'><strong>profert</strong></span> 
     </span>
     <span class='ocr_line' id='line_1_26' title="bbox 285 3325 1401 3414; baseline 0.002 -26"><span class='ocrx_word' id='word_1_181' title='bbox 285 3326 422 3410; x_wconf 77' lang='lat' dir='ltr'><strong>iusserit,</strong></span> <span class='ocrx_word' id='word_1_182' title='bbox 453 3335 487 3390; x_wconf 86' lang='lat' dir='ltr'><strong>ut</strong></span> <span class='ocrx_word' id='word_1_183' title='bbox 518 3325 643 3391; x_wconf 88' lang='lat' dir='ltr'><strong>adducat</strong></span> <span class='ocrx_word' id='word_1_184' title='bbox 675 3327 851 3392; x_wconf 85' lang='lat' dir='ltr'><strong>Deianiram</strong></span> <span class='ocrx_word' id='word_1_185' title='bbox 885 3337 1008 3392; x_wconf 92' lang='lat' dir='ltr'><strong>matrem</strong></span> <span class='ocrx_word' id='word_1_186' title='bbox 1039 3329 1160 3414; x_wconf 89' lang='lat' dir='ltr'><strong>eiusque</strong></span> <span class='ocrx_word' id='word_1_187' title='bbox 1186 3327 1401 3392; x_wconf 77' lang='lat' dir='ltr'><strong>vindicandae·</strong></span> 
     </span>
    </p>
   </div>
   <div class='ocr_carea' id='block_1_14' title="bbox 192 3425 1385 4017">
    <p class='ocr_par' dir='ltr' id='par_1_15' title="bbox 192 3425 1385 4017">
     <span class='ocr_line' id='line_1_27' title="bbox 286 3425 1382 3515; baseline 0 -25"><span class='ocrx_word' id='word_1_188' title='bbox 286 3427 400 3515; x_wconf 87' lang='lat' dir='ltr'><strong>copiam</strong></span> <span class='ocrx_word' id='word_1_189' title='bbox 422 3427 480 3490; x_wconf 89' lang='lat' dir='ltr'><strong>sibi</strong></span> <span class='ocrx_word' id='word_1_190' title='bbox 500 3427 608 3509; x_wconf 82' lang='lat' dir='ltr'><strong>iaciat,</strong></span> <span class='ocrx_word' id='word_1_191' title='bbox 634 3427 715 3492; x_wconf 93' lang='lat' dir='ltr'><strong>nullo</strong></span> <span class='ocrx_word' id='word_1_192' title='bbox 738 3433 836 3491; x_wconf 84' lang='lat' dir='ltr'><strong>eutem</strong></span> <span class='ocrx_word' id='word_1_193' title='bbox 861 3429 950 3492; x_wconf 90' lang='lat' dir='ltr'><strong>verbo</strong></span> <span class='ocrx_word' id='word_1_194' title='bbox 972 3425 1129 3510; x_wconf 85' lang='lat' dir='ltr'><strong>indicarit,</strong></span> <span class='ocrx_word' id='word_1_195' title='bbox 1156 3428 1187 3494; x_wconf 92' lang='lat' dir='ltr'><strong>id</strong></span> <span class='ocrx_word' id='word_1_196' title='bbox 1209 3427 1285 3514; x_wconf 91' lang='lat' dir='ltr'><strong>quod</strong></span> <span class='ocrx_word' id='word_1_197' title='bbox 1308 3427 1382 3491; x_wconf 89' lang='lat' dir='ltr'><strong>alie-</strong></span> 
     </span>
     <span class='ocr_line' id='line_1_28' title="bbox 192 3479 1385 3619; baseline -0.002 -25"><span class='ocrx_word' id='word_1_198' title='bbox 192 3578 199 3594; x_wconf 54' lang='lat' dir='ltr'><em>s</em></span> <span class='ocrx_word' id='word_1_199' title='bbox 284 3549 355 3591; x_wconf 91' lang='lat' dir='ltr'><strong>num</strong></span> <span class='ocrx_word' id='word_1_200' title='bbox 385 3528 473 3593; x_wconf 87' lang='lat' dir='ltr'><strong>etiam</strong></span> <span class='ocrx_word' id='word_1_201' title='bbox 503 3528 577 3592; x_wconf 85' lang='lat' dir='ltr'><strong>ab</strong></span> <span class='ocrx_word' id='word_1_202' title='bbox 568 3529 691 3619; x_wconf 73' lang='lat' dir='ltr'><strong>ingenio</strong></span> <span class='ocrx_word' id='word_1_203' title='bbox 712 3527 854 3593; x_wconf 86' lang='lat' dir='ltr'><strong>Herculis</strong></span> <span class='ocrx_word' id='word_1_204' title='bbox 875 3529 1005 3616; x_wconf 78' lang='lat' dir='ltr'><strong>fuisset</strong></span> <span class='ocrx_word' id='word_1_205' title='bbox 990 3479 1267 3616; x_wconf 81' lang='lat' dir='ltr'><strong>,resperidendi&#39;</strong></span> <span class='ocrx_word' id='word_1_206' title='bbox 1241 3551 1270 3592; x_wconf 88' lang='lat' dir='ltr'><strong>er</strong></span> <span class='ocrx_word' id='word_1_207' title='bbox 1292 3535 1385 3614; x_wconf 88' lang='lat' dir='ltr'><strong>atque</strong></span> 
     </span>
     <span class='ocr_line' id='line_1_29' title="bbox 285 3577 1382 3748; baseline 0.002 -58"><span class='ocrx_word' id='word_1_208' title='bbox 285 3625 360 3691; x_wconf 86' lang='lat' dir='ltr'><strong>adeo</strong></span> <span class='ocrx_word' id='word_1_209' title='bbox 383 3628 561 3714; x_wconf 83' lang='lat' dir='ltr'><strong>obloquendi</strong></span> <span class='ocrx_word' id='word_1_210' title='bbox 582 3629 697 3695; x_wconf 86' lang='lat' dir='ltr'><strong>veniam</strong></span> <span class='ocrx_word' id='word_1_211' title='bbox 719 3629 817 3693; x_wconf 88' lang='lat' dir='ltr'><strong>datam</strong></span> <span class='ocrx_word' id='word_1_212' title='bbox 839 3649 921 3711; x_wconf 89' lang='lat' dir='ltr'><strong>esse,</strong></span> <span class='ocrx_word' id='word_1_213' title='bbox 943 3577 1009 3692; x_wconf 86' lang='lat' dir='ltr'><strong>luce</strong></span> <span class='ocrx_word' id='word_1_214' title='bbox 1031 3629 1139 3692; x_wconf 85' lang='lat' dir='ltr'><strong>clarius</strong></span> <span class='ocrx_word' id='word_1_215' title='bbox 1157 3636 1225 3710; x_wconf 86' lang='lat' dir='ltr'><strong>est,</strong></span> <span class='ocrx_word' id='word_1_216' title='bbox 1248 3630 1382 3748; x_wconf 87' lang='lat' dir='ltr'><strong>quamvis</strong></span> 
     </span>
     <span class='ocr_line' id='line_1_30' title="bbox 273 3679 1383 3817; baseline -0.005 -23"><span class='ocrx_word' id='word_1_217' title='bbox 273 3738 369 3794; x_wconf 66' lang='lat' dir='ltr'><strong>‘nemo</strong></span> <span class='ocrx_word' id='word_1_218' title='bbox 396 3723 636 3793; x_wconf 83' lang='lat' dir='ltr'><strong>animadverterit</strong></span> <span class='ocrx_word' id='word_1_219' title='bbox 655 3727 815 3812; x_wconf 84' lang='lat' dir='ltr'><strong>editorum,</strong></span> <span class='ocrx_word' id='word_1_220' title='bbox 845 3679 925 3794; x_wconf 80' lang='lat' dir='ltr'><strong>nulld</strong></span> <span class='ocrx_word' id='word_1_221' title='bbox 947 3723 1033 3817; x_wconf 77' lang='lat' dir='ltr'><strong>pacto</strong></span> <span class='ocrx_word' id='word_1_222' title='bbox 1055 3727 1216 3815; x_wconf 85' lang='lat' dir='ltr'><strong>Hyllum&#39;</strong></span> <span class='ocrx_word' id='word_1_223' title='bbox 1200 3728 1271 3790; x_wconf 80' lang='grc' dir='ltr'>ιιιεὶ</span> <span class='ocrx_word' id='word_1_224' title='bbox 1293 3749 1383 3816; x_wconf 80' lang='grc' dir='ltr'>ιιαρ-</span> 
     </span>
     <span class='ocr_line' id='line_1_31' title="bbox 284 3825 1381 3946; baseline 0.002 -57"><span class='ocrx_word' id='word_1_225' title='bbox 284 3825 376 3910; x_wconf 74' lang='grc' dir='ltr'><em>έσχες</em></span> <span class='ocrx_word' id='word_1_226' title='bbox 405 3827 503 3891; x_wconf 91' lang='lat' dir='ltr'><strong>dicere</strong></span> <span class='ocrx_word' id='word_1_227' title='bbox 531 3829 705 3916; x_wconf 91' lang='lat' dir='ltr'><strong>potuisse</strong></span> <span class='ocrx_word' id='word_1_228' title='bbox 723 3829 838 3895; x_wconf 82' lang='lat' dir='ltr'><strong>Facilis</strong></span> <span class='ocrx_word' id='word_1_229' title='bbox 861 3840 958 3896; x_wconf 91' lang='lat' dir='ltr'><strong>autem</strong></span> <span class='ocrx_word' id='word_1_230' title='bbox 980 3838 1011 3894; x_wconf 90' lang='lat' dir='ltr'><strong>et</strong></span> <span class='ocrx_word' id='word_1_231' title='bbox 1031 3837 1113 3894; x_wconf 81' lang='lat' dir='ltr'><strong>certe</strong></span> <span class='ocrx_word' id='word_1_232' title='bbox 1135 3828 1301 3946; x_wconf 88' lang='lat' dir='ltr'><strong>emendatio</strong></span> <span class='ocrx_word' id='word_1_233' title='bbox 1324 3835 1381 3894; x_wconf 89' lang='lat' dir='ltr'><strong>est.</strong></span> 
     </span>
     <span class='ocr_line' id='line_1_32' title="bbox 286 3923 619 4017; baseline 0 -25"><span class='ocrx_word' id='word_1_234' title='bbox 286 3923 416 4017; x_wconf 84' lang='lat' dir='ltr'><strong>Scripsit</strong></span> <span class='ocrx_word' id='word_1_235' title='bbox 437 3925 619 4016; x_wconf 82' lang='lat' dir='ltr'><strong>Sophocles:</strong></span> 
     </span>
    </p>
   </div>
   <div class='ocr_carea' id='block_1_15' title="bbox 423 4073 1240 4320">
    <p class='ocr_par' dir='ltr' id='par_1_16' title="bbox 438 4073 1240 4266">
     <span class='ocr_line' id='line_1_33' title="bbox 439 4073 1240 4201; baseline 0.002 -61"><span class='ocrx_word' id='word_1_236' title='bbox 439 4073 563 4162; x_wconf 75' lang='grc' dir='ltr'><strong><em>εἴπερ</em></strong></span> <span class='ocrx_word' id='word_1_237' title='bbox 584 4073 786 4196; x_wconf 69' lang='lat' dir='ltr'><strong>calpeque</strong></span> <span class='ocrx_word' id='word_1_238' title='bbox 809 4075 1058 4160; x_wconf 74' lang='grc' dir='ltr'>ἀναφωνῆσαι,</span> <span class='ocrx_word' id='word_1_239' title='bbox 1067 4077 1207 4201; x_wconf 60' lang='grc' dir='ltr'>ιιάιιρ,</span> <span class='ocrx_word' id='word_1_240' title='bbox 1238 4139 1240 4142; x_wconf 86' lang='grc'>.</span> 
     </span>
     <span class='ocr_line' id='line_1_34' title="bbox 423 4173 1226 4320; baseline 0.005 -80.077"><span class='ocrx_word' id='word_1_241' title='bbox 423 4173 539 4260; x_wconf 71' lang='grc' dir='ltr'>σιγήν</span> <span class='ocrx_word' id='word_1_242' title='bbox 559 4176 741 4264; x_wconf 77' lang='grc' dir='ltr'><strong><em>παρασχών</em></strong></span> <span class='ocrx_word' id='word_1_243' title='bbox 758 4173 887 4248; x_wconf 73' lang='grc' dir='ltr'><strong><em>κλῦθὶ</em></strong></span> <span class='ocrx_word' id='word_1_244' title='bbox 882 4197 967 4262; x_wconf 86' lang='grc' dir='ltr'><strong><em>μον,</em></strong></span> <span class='ocrx_word' id='word_1_245' title='bbox 995 4181 1103 4248; x_wconf 83' lang='grc' dir='ltr'><strong><em>νοσῶν</em></strong></span> <span class='ocrx_word' id='word_1_246' title='bbox 1099 4174 1226 4320; x_wconf 73' lang='grc' dir='ltr'>ὅρνις.</span> 
     </span>
    </p>
   </div>
   <div class='ocr_carea' id='block_1_16' title="bbox 0 0 1518 5096">
    <p class='ocr_par' dir='ltr' id='par_1_17' title="bbox 0 0 1518 5096">
     <span class='ocr_line' id='line_1_35' title="bbox 0 0 1518 5096; baseline 0 1"><span class='ocrx_word' id='word_1_247' title='bbox 0 0 1518 5096; x_wconf 95' lang='lat' dir='ltr'><strong> </strong></span> 
     </span>
    </p>
   </div>
  </div>
 </body>
</html>
