<?xml version="1.0" encoding="UTF-8"?>
<!DOCTYPE html PUBLIC "-//W3C//DTD XHTML 1.0 Transitional//EN"
    "http://www.w3.org/TR/xhtml1/DTD/xhtml1-transitional.dtd">
<html xmlns="http://www.w3.org/1999/xhtml" xml:lang="en" lang="en">
 <head>
  <title>
</title>
<meta http-equiv="Content-Type" content="text/html;charset=utf-8" />
  <meta name='ocr-system' content='tesseract 3.04.00' />
  <meta name='ocr-capabilities' content='ocr_page ocr_carea ocr_par ocr_line ocrx_word'/>
</head>
<body>
  <div class='ocr_page' id='page_1' title='image "./eduardiwunderie00wundgoog/eduardiwunderie00wundgoog_0191.png"; bbox 0 0 3028 5096; ppageno 0'>
   <div class='ocr_carea' id='block_1_1' title="bbox 808 391 870 462">
    <p class='ocr_par' dir='ltr' id='par_1_1' title="bbox 808 391 870 462">
     <span class='ocr_line' id='line_1_1' title="bbox 808 391 870 462; baseline -0.032 -1"><span class='ocrx_word' id='word_1_1' title='bbox 808 391 870 462; x_wconf 83' lang='grc'>176</span> 
     </span>
    </p>
   </div>
   <div class='ocr_carea' id='block_1_2' title="bbox 733 477 936 502">
    <p class='ocr_par' dir='ltr' id='par_1_2' title="bbox 733 477 936 502">
     <span class='ocr_line' id='line_1_2' title="bbox 733 477 936 502; baseline -0.01 0"><span class='ocrx_word' id='word_1_2' title='bbox 733 477 936 502; x_wconf 59' lang='grc' dir='ltr'>ηἰι--ι--ι</span> 
     </span>
    </p>
   </div>
   <div class='ocr_carea' id='block_1_3' title="bbox 289 574 1401 870">
    <p class='ocr_par' dir='ltr' id='par_1_3' title="bbox 289 574 1401 870">
     <span class='ocr_line' id='line_1_3' title="bbox 290 574 1401 666; baseline -0.007 -20"><span class='ocrx_word' id='word_1_3' title='bbox 290 579 441 648; x_wconf 74' lang='lat' dir='ltr'>cedentem</span> <span class='ocrx_word' id='word_1_4' title='bbox 461 598 580 648; x_wconf 80' lang='lat' dir='ltr'>versum</span> <span class='ocrx_word' id='word_1_5' title='bbox 603 579 790 663; x_wconf 81' lang='lat' dir='ltr'>omitterent,</span> <span class='ocrx_word' id='word_1_6' title='bbox 819 578 977 666; x_wconf 78' lang='lat' dir='ltr'>vestigium</span> <span class='ocrx_word' id='word_1_7' title='bbox 1004 577 1061 644; x_wconf 80' lang='lat' dir='ltr'>boc</span> <span class='ocrx_word' id='word_1_8' title='bbox 1090 597 1160 642; x_wconf 88' lang='lat' dir='ltr'>esse</span> <span class='ocrx_word' id='word_1_9' title='bbox 1183 574 1302 642; x_wconf 74' lang='lat' dir='ltr'>diuersa</span> <span class='ocrx_word' id='word_1_10' title='bbox 1285 597 1322 639; x_wconf 89' lang='lat' dir='ltr'>e</span> <span class='ocrx_word' id='word_1_11' title='bbox 1346 597 1401 640; x_wconf 87' lang='lat' dir='ltr'>re-</span> 
     </span>
     <span class='ocr_line' id='line_1_4' title="bbox 289 669 1400 769; baseline -0.007 -23"><span class='ocrx_word' id='word_1_12' title='bbox 289 681 440 746; x_wconf 80' lang='lat' dir='ltr'>censionis</span> <span class='ocrx_word' id='word_1_13' title='bbox 471 685 616 769; x_wconf 85' lang='lat' dir='ltr'>putarem.</span> <span class='ocrx_word' id='word_1_14' title='bbox 623 681 644 718; x_wconf 75' lang='lat'>‘⁶</span> <span class='ocrx_word' id='word_1_15' title='bbox 693 681 736 748; x_wconf 78' lang='lat' dir='ltr'>At</span> <span class='ocrx_word' id='word_1_16' title='bbox 769 703 833 746; x_wconf 88' lang='lat' dir='ltr'>cum</span> <span class='ocrx_word' id='word_1_17' title='bbox 866 702 926 746; x_wconf 93' lang='lat' dir='ltr'>non</span> <span class='ocrx_word' id='word_1_18' title='bbox 954 679 1108 762; x_wconf 88' lang='lat' dir='ltr'>omittant,</span> <span class='ocrx_word' id='word_1_19' title='bbox 1127 679 1209 766; x_wconf 85' lang='lat' dir='ltr'>ipse</span> <span class='ocrx_word' id='word_1_20' title='bbox 1245 669 1400 742; x_wconf 79' lang='lat' dir='ltr'>concedet</span> 
     </span>
     <span class='ocr_line' id='line_1_5' title="bbox 290 767 1352 870; baseline -0.009 -22"><span class='ocrx_word' id='word_1_21' title='bbox 290 767 500 864; x_wconf 85' lang='lat' dir='ltr'>llermanlnus,</span> <span class='ocrx_word' id='word_1_22' title='bbox 524 781 637 846; x_wconf 92' lang='lat' dir='ltr'>nullum</span> <span class='ocrx_word' id='word_1_23' title='bbox 652 780 702 846; x_wconf 91' lang='lat' dir='ltr'>hic</span> <span class='ocrx_word' id='word_1_24' title='bbox 718 781 846 870; x_wconf 90' lang='lat' dir='ltr'>reperiri</span> <span class='ocrx_word' id='word_1_25' title='bbox 869 781 1027 865; x_wconf 78' lang='lat' dir='ltr'>vestigium</span> <span class='ocrx_word' id='word_1_26' title='bbox 1049 777 1174 869; x_wconf 88' lang='lat' dir='ltr'>duplicis</span> <span class='ocrx_word' id='word_1_27' title='bbox 1196 778 1352 842; x_wconf 84' lang='lat' dir='ltr'>editionis.</span> 
     </span>
    </p>
   </div>
   <div class='ocr_carea' id='block_1_4' title="bbox 375 895 1401 983">
    <p class='ocr_par' dir='ltr' id='par_1_4' title="bbox 375 895 1401 983">
     <span class='ocr_line' id='line_1_6' title="bbox 375 895 1401 983; baseline -0.008 -21"><span class='ocrx_word' id='word_1_28' title='bbox 375 898 535 962; x_wconf 87' lang='lat' dir='ltr'>Postremo</span> <span class='ocrx_word' id='word_1_29' title='bbox 559 920 623 962; x_wconf 89' lang='lat' dir='ltr'>cum</span> <span class='ocrx_word' id='word_1_30' title='bbox 650 919 678 964; x_wconf 90' lang='lat' dir='ltr'>v.</span> <span class='ocrx_word' id='word_1_31' title='bbox 700 896 743 962; x_wconf 72' lang='lat'>68</span> <span class='ocrx_word' id='word_1_32' title='bbox 760 919 805 983; x_wconf 88' lang='lat' dir='ltr'>sq.</span> <span class='ocrx_word' id='word_1_33' title='bbox 831 903 863 960; x_wconf 86' lang='lat' dir='ltr'>et</span> <span class='ocrx_word' id='word_1_34' title='bbox 889 917 917 960; x_wconf 90' lang='lat' dir='ltr'>v.</span> <span class='ocrx_word' id='word_1_35' title='bbox 943 897 1007 960; x_wconf 73' lang='lat'>‚523</span> <span class='ocrx_word' id='word_1_36' title='bbox 1030 917 1112 982; x_wconf 87' lang='lat' dir='ltr'>sqq,</span> <span class='ocrx_word' id='word_1_37' title='bbox 1145 903 1178 960; x_wconf 89' lang='lat' dir='ltr'>nt</span> <span class='ocrx_word' id='word_1_38' title='bbox 1199 895 1301 958; x_wconf 87' lang='lat' dir='ltr'>statim</span> <span class='ocrx_word' id='word_1_39' title='bbox 1322 900 1401 980; x_wconf 88' lang='lat' dir='ltr'>post</span> 
     </span>
    </p>
   </div>
   <div class='ocr_carea' id='block_1_5' title="bbox 282 992 1398 1087">
    <p class='ocr_par' dir='ltr' id='par_1_5' title="bbox 282 992 1398 1087">
     <span class='ocr_line' id='line_1_7' title="bbox 282 992 1398 1087; baseline -0.007 -24"><span class='ocrx_word' id='word_1_40' title='bbox 282 999 441 1087; x_wconf 89' lang='lat' dir='ltr'>probabo,</span> <span class='ocrx_word' id='word_1_41' title='bbox 464 1020 524 1061; x_wconf 91' lang='lat' dir='ltr'>non</span> <span class='ocrx_word' id='word_1_42' title='bbox 546 997 632 1083; x_wconf 82' lang='lat' dir='ltr'>modo</span> <span class='ocrx_word' id='word_1_43' title='bbox 651 999 725 1063; x_wconf 91' lang='lat' dir='ltr'>nihil</span> <span class='ocrx_word' id='word_1_44' title='bbox 748 997 869 1062; x_wconf 82' lang='lat' dir='ltr'>lornant</span> <span class='ocrx_word' id='word_1_45' title='bbox 888 994 1054 1075; x_wconf 85' lang='lat' dir='ltr'>llermanni</span> <span class='ocrx_word' id='word_1_46' title='bbox 1073 996 1222 1083; x_wconf 89' lang='lat' dir='ltr'>opinioni,</span> <span class='ocrx_word' id='word_1_47' title='bbox 1242 993 1295 1057; x_wconf 89' lang='lat' dir='ltr'>sed</span> <span class='ocrx_word' id='word_1_48' title='bbox 1315 992 1398 1056; x_wconf 86' lang='lat' dir='ltr'>adeo</span> 
     </span>
    </p>
   </div>
   <div class='ocr_carea' id='block_1_6' title="bbox 294 1087 1400 1186">
    <p class='ocr_par' dir='ltr' id='par_1_6' title="bbox 294 1087 1400 1186">
     <span class='ocr_line' id='line_1_8' title="bbox 294 1087 1400 1186; baseline -0.006 -24"><span class='ocrx_word' id='word_1_49' title='bbox 294 1119 418 1186; x_wconf 88' lang='lat' dir='ltr'>prorsus</span> <span class='ocrx_word' id='word_1_50' title='bbox 443 1095 657 1181; x_wconf 86' lang='lat' dir='ltr'>adversentur,</span> <span class='ocrx_word' id='word_1_51' title='bbox 687 1105 783 1160; x_wconf 88' lang='lat' dir='ltr'>utrum</span> <span class='ocrx_word' id='word_1_52' title='bbox 810 1094 927 1160; x_wconf 84' lang='lat' dir='ltr'>tandem</span> <span class='ocrx_word' id='word_1_53' title='bbox 951 1087 1151 1161; x_wconf 53' lang='lat' dir='ltr'>maiore&#39;cum</span> <span class='ocrx_word' id='word_1_54' title='bbox 1180 1093 1400 1183; x_wconf 62' lang='lat' dir='ltr'>probabilitate</span> 
     </span>
    </p>
   </div>
   <div class='ocr_carea' id='block_1_7' title="bbox 266 1187 1399 1284">
    <p class='ocr_par' dir='ltr' id='par_1_7' title="bbox 266 1187 1399 1284">
     <span class='ocr_line' id='line_1_9' title="bbox 266 1187 1399 1284; baseline -0.007 -22"><span class='ocrx_word' id='word_1_55' title='bbox 266 1187 455 1280; x_wconf 53' lang='lat' dir='ltr'>statuetur,</span> <span class='ocrx_word' id='word_1_56' title='bbox 486 1198 543 1262; x_wconf 87' lang='lat' dir='ltr'>hoc</span> <span class='ocrx_word' id='word_1_57' title='bbox 565 1220 624 1276; x_wconf 83' lang='lat' dir='ltr'>uno</span> <span class='ocrx_word' id='word_1_58' title='bbox 650 1199 681 1262; x_wconf 92' lang='lat' dir='ltr'>in</span> <span class='ocrx_word' id='word_1_59' title='bbox 706 1197 772 1263; x_wconf 89' lang='lat' dir='ltr'>loco</span> <span class='ocrx_word' id='word_1_60' title='bbox 792 1191 989 1284; x_wconf 81' lang='lat' dir='ltr'>Sophoclem,</span> <span class='ocrx_word' id='word_1_61' title='bbox 1020 1218 1085 1258; x_wconf 88' lang='lat' dir='ltr'>cum</span> <span class='ocrx_word' id='word_1_62' title='bbox 1113 1202 1286 1264; x_wconf 84' lang='lat' dir='ltr'>recenseret</span> <span class='ocrx_word' id='word_1_63' title='bbox 1314 1193 1399 1255; x_wconf 80' lang='lat' dir='ltr'>lianc</span> 
     </span>
    </p>
   </div>
   <div class='ocr_carea' id='block_1_8' title="bbox 187 1294 1399 1393">
    <p class='ocr_par' dir='ltr' id='par_1_8' title="bbox 187 1294 1399 1393">
     <span class='ocr_line' id='line_1_10' title="bbox 187 1294 1399 1393; baseline -0.007 -30"><span class='ocrx_word' id='word_1_64' title='bbox 187 1305 193 1313; x_wconf 90' lang='lat'><em>&#39;</em></span> <span class='ocrx_word' id='word_1_65' title='bbox 290 1297 432 1379; x_wconf 84' lang='lat' dir='ltr'>fabulam,</span> <span class='ocrx_word' id='word_1_66' title='bbox 449 1319 504 1384; x_wconf 92' lang='lat' dir='ltr'>pro</span> <span class='ocrx_word' id='word_1_67' title='bbox 522 1319 610 1361; x_wconf 79' lang='lat' dir='ltr'>uersu</span> <span class='ocrx_word' id='word_1_68' title='bbox 623 1297 777 1393; x_wconf 79' lang='lat' dir='ltr'>aptissimo</span> <span class='ocrx_word' id='word_1_69' title='bbox 792 1318 906 1363; x_wconf 90' lang='lat' dir='ltr'>versum</span> <span class='ocrx_word' id='word_1_70' title='bbox 918 1295 1013 1362; x_wconf 85' lang='lat' dir='ltr'>nihilo</span> <span class='ocrx_word' id='word_1_71' title='bbox 1024 1294 1175 1360; x_wconf 88' lang='lat' dir='ltr'>meliorem</span> <span class='ocrx_word' id='word_1_72' title='bbox 1190 1294 1399 1373; x_wconf 78' lang='lat' dir='ltr'>substituisse,</span> 
     </span>
    </p>
   </div>
   <div class='ocr_carea' id='block_1_9' title="bbox 291 1394 1397 1882">
    <p class='ocr_par' dir='ltr' id='par_1_9' title="bbox 291 1394 1397 1882">
     <span class='ocr_line' id='line_1_11' title="bbox 292 1394 1397 1484; baseline -0.005 -24"><span class='ocrx_word' id='word_1_73' title='bbox 292 1419 349 1478; x_wconf 88' lang='lat' dir='ltr'>nn,</span> <span class='ocrx_word' id='word_1_74' title='bbox 373 1396 452 1482; x_wconf 87' lang='lat' dir='ltr'>qnod</span> <span class='ocrx_word' id='word_1_75' title='bbox 474 1419 538 1484; x_wconf 75' lang='lat' dir='ltr'>cum</span> <span class='ocrx_word' id='word_1_76' title='bbox 561 1398 633 1461; x_wconf 88' lang='lat' dir='ltr'>alibi</span> <span class='ocrx_word' id='word_1_77' title='bbox 654 1405 714 1460; x_wconf 85' lang='lat' dir='ltr'>turn</span> <span class='ocrx_word' id='word_1_78' title='bbox 736 1396 879 1483; x_wconf 88' lang='lat' dir='ltr'>imprimis</span> <span class='ocrx_word' id='word_1_79' title='bbox 906 1397 949 1476; x_wconf 67' lang='lat' dir='ltr'>in,</span> <span class='ocrx_word' id='word_1_80' title='bbox 963 1396 1019 1460; x_wconf 89' lang='lat' dir='ltr'>hac</span> <span class='ocrx_word' id='word_1_81' title='bbox 1046 1395 1148 1460; x_wconf 87' lang='lat' dir='ltr'>lahnla</span> <span class='ocrx_word' id='word_1_82' title='bbox 1169 1415 1259 1481; x_wconf 86' lang='lat' dir='ltr'>saepe</span> <span class='ocrx_word' id='word_1_83' title='bbox 1280 1394 1397 1457; x_wconf 82' lang='lat' dir='ltr'>sactum</span> 
     </span>
     <span class='ocr_line' id='line_1_12' title="bbox 292 1495 1397 1582; baseline -0.005 -22"><span class='ocrx_word' id='word_1_84' title='bbox 292 1517 361 1560; x_wconf 87' lang='lat' dir='ltr'>esse</span> <span class='ocrx_word' id='word_1_85' title='bbox 382 1497 532 1577; x_wconf 72' lang='lat' dir='ltr'>nummus,</span> <span class='ocrx_word' id='word_1_86' title='bbox 556 1495 729 1560; x_wconf 87' lang='lat' dir='ltr'>histrionem</span> <span class='ocrx_word' id='word_1_87' title='bbox 751 1497 799 1559; x_wconf 89' lang='lat' dir='ltr'>hic</span> <span class='ocrx_word' id='word_1_88' title='bbox 821 1517 935 1582; x_wconf 91' lang='lat' dir='ltr'>quoqne</span> <span class='ocrx_word' id='word_1_89' title='bbox 958 1495 1017 1559; x_wconf 88' lang='lat' dir='ltr'>sihi</span> <span class='ocrx_word' id='word_1_90' title='bbox 1038 1495 1191 1577; x_wconf 82' lang='lat' dir='ltr'>sumsisse,</span> <span class='ocrx_word' id='word_1_91' title='bbox 1213 1503 1246 1557; x_wconf 93' lang='lat' dir='ltr'>ut</span> <span class='ocrx_word' id='word_1_92' title='bbox 1265 1511 1321 1582; x_wconf 87' lang='lat' dir='ltr'>pro</span> <span class='ocrx_word' id='word_1_93' title='bbox 1345 1511 1397 1573; x_wconf 88' lang='lat' dir='ltr'>eo,</span> 
     </span>
     <span class='ocr_line' id='line_1_13' title="bbox 293 1589 1397 1682; baseline -0.002 -26"><span class='ocrx_word' id='word_1_94' title='bbox 293 1593 369 1681; x_wconf 85' lang='lat' dir='ltr'>qnod</span> <span class='ocrx_word' id='word_1_95' title='bbox 390 1595 544 1658; x_wconf 80' lang='lat' dir='ltr'>obscurius</span> <span class='ocrx_word' id='word_1_96' title='bbox 566 1595 673 1658; x_wconf 88' lang='lat' dir='ltr'>dictum</span> <span class='ocrx_word' id='word_1_97' title='bbox 695 1591 855 1677; x_wconf 89' lang='lat' dir='ltr'>videretur,</span> <span class='ocrx_word' id='word_1_98' title='bbox 871 1593 1207 1682; x_wconf 66' lang='lat' dir='ltr'>aliquidfsubstitueret,</span> <span class='ocrx_word' id='word_1_99' title='bbox 1229 1592 1305 1679; x_wconf 92' lang='lat' dir='ltr'>qnod</span> <span class='ocrx_word' id='word_1_100' title='bbox 1328 1589 1397 1679; x_wconf 85' lang='lat' dir='ltr'>pla-</span> 
     </span>
     <span class='ocr_line' id='line_1_14' title="bbox 291 1689 1393 1782; baseline -0.004 -22"><span class='ocrx_word' id='word_1_101' title='bbox 291 1695 445 1760; x_wconf 88' lang='lat' dir='ltr'>nissimum</span> <span class='ocrx_word' id='word_1_102' title='bbox 469 1698 579 1776; x_wconf 66' lang='lat' dir='ltr'>esset?</span> <span class='ocrx_word' id='word_1_103' title='bbox 622 1694 752 1760; x_wconf 80' lang='lat' dir='ltr'>Fallitur</span> <span class='ocrx_word' id='word_1_104' title='bbox 778 1696 856 1759; x_wconf 88' lang='lat' dir='ltr'>enim</span> <span class='ocrx_word' id='word_1_105' title='bbox 882 1693 1201 1782; x_wconf 83' lang='lat' dir='ltr'>Hermannns,&#39;qnod</span> <span class='ocrx_word' id='word_1_106' title='bbox 1227 1695 1259 1758; x_wconf 91' lang='lat' dir='ltr'>in</span> <span class='ocrx_word' id='word_1_107' title='bbox 1280 1715 1311 1759; x_wconf 87' lang='lat' dir='ltr'>v.</span> <span class='ocrx_word' id='word_1_108' title='bbox 1336 1689 1393 1756; x_wconf 82' lang='lat'>84.</span> 
     </span>
     <span class='ocr_line' id='line_1_15' title="bbox 293 1785 1396 1882; baseline -0.003 -24"><span class='ocrx_word' id='word_1_109' title='bbox 293 1789 316 1873; x_wconf 74' lang='grc' dir='ltr'><em>ἢ</em></span> <span class='ocrx_word' id='word_1_110' title='bbox 337 1790 509 1877; x_wconf 80' lang='grc' dir='ltr'>πίπτομιν</span> <span class='ocrx_word' id='word_1_111' title='bbox 524 1825 565 1845; x_wconf 60' lang='lat'>2-</span> <span class='ocrx_word' id='word_1_112' title='bbox 583 1790 787 1872; x_wconf 79' lang='grc' dir='ltr'><em>ἐξολωλότος</em></span> <span class='ocrx_word' id='word_1_113' title='bbox 806 1795 843 1860; x_wconf 90' lang='lat' dir='ltr'>de</span> <span class='ocrx_word' id='word_1_114' title='bbox 869 1785 1015 1860; x_wconf 81' lang='lat' dir='ltr'>Deianira</span> <span class='ocrx_word' id='word_1_115' title='bbox 1036 1799 1133 1861; x_wconf 89' lang='lat' dir='ltr'>minus</span> <span class='ocrx_word' id='word_1_116' title='bbox 1156 1793 1396 1882; x_wconf 82' lang='lat' dir='ltr'>graveverbnm</span> 
     </span>
    </p>
   </div>
   <div class='ocr_carea' id='block_1_10' title="bbox 264 1890 1397 1984">
    <p class='ocr_par' dir='ltr' id='par_1_10' title="bbox 264 1890 1397 1984">
     <span class='ocr_line' id='line_1_16' title="bbox 264 1890 1397 1984; baseline 0 -28"><span class='ocrx_word' id='word_1_117' title='bbox 264 1918 361 1961; x_wconf 56' lang='lat' dir='ltr'>„esse</span> <span class='ocrx_word' id='word_1_118' title='bbox 390 1891 573 1978; x_wconf 82' lang='grc' dir='ltr'><strong><em>πίπτομεν,</em></strong></span> <span class='ocrx_word' id='word_1_119' title='bbox 600 1896 637 1960; x_wconf 80' lang='lat' dir='ltr'>(le</span> <span class='ocrx_word' id='word_1_120' title='bbox 663 1895 794 1980; x_wconf 86' lang='lat' dir='ltr'>Hercule</span> <span class='ocrx_word' id='word_1_121' title='bbox 822 1903 919 1960; x_wconf 89' lang='lat' dir='ltr'>antem</span> <span class='ocrx_word' id='word_1_122' title='bbox 945 1899 1034 1962; x_wconf 90' lang='lat' dir='ltr'>nimis</span> <span class='ocrx_word' id='word_1_123' title='bbox 1064 1919 1158 1984; x_wconf 82' lang='lat' dir='ltr'>grave</span> <span class='ocrx_word' id='word_1_124' title='bbox 1186 1890 1397 1967; x_wconf 78' lang='grc' dir='ltr'><em>ἐξολωλότος</em></span> 
     </span>
    </p>
   </div>
   <div class='ocr_carea' id='block_1_11' title="bbox 292 1987 1401 2785">
    <p class='ocr_par' dir='ltr' id='par_1_11' title="bbox 292 1987 1401 2785">
     <span class='ocr_line' id='line_1_17' title="bbox 292 1987 1398 2086; baseline -0.003 -26"><span class='ocrx_word' id='word_1_125' title='bbox 292 2018 361 2062; x_wconf 87' lang='lat' dir='ltr'>esse</span> <span class='ocrx_word' id='word_1_126' title='bbox 376 1998 427 2061; x_wconf 90' lang='lat' dir='ltr'>ait.</span> <span class='ocrx_word' id='word_1_127' title='bbox 469 1997 546 2086; x_wconf 81' lang='lat' dir='ltr'>Nam</span> <span class='ocrx_word' id='word_1_128' title='bbox 564 1997 687 2085; x_wconf 84' lang='lat' dir='ltr'>primurn</span> <span class='ocrx_word' id='word_1_129' title='bbox 708 1997 893 2062; x_wconf 88' lang='lat' dir='ltr'>notissimum</span> <span class='ocrx_word' id='word_1_130' title='bbox 908 2003 1020 2080; x_wconf 58' lang='lat' dir='ltr'>ost,*et</span> <span class='ocrx_word' id='word_1_131' title='bbox 1031 1991 1191 2082; x_wconf 59' lang='grc' dir='ltr'><strong>οὶχισθαι</strong></span> <span class='ocrx_word' id='word_1_132' title='bbox 1210 2001 1241 2059; x_wconf 87' lang='lat' dir='ltr'>et</span> <span class='ocrx_word' id='word_1_133' title='bbox 1256 1987 1398 2058; x_wconf 74' lang='grc' dir='ltr'><strong><em>πίπτειν</em></strong></span> 
     </span>
     <span class='ocr_line' id='line_1_18' title="bbox 292 2095 1398 2186; baseline -0.003 -24"><span class='ocrx_word' id='word_1_134' title='bbox 292 2117 384 2184; x_wconf 83' lang='lat' dir='ltr'>saepe</span> <span class='ocrx_word' id='word_1_135' title='bbox 411 2098 553 2183; x_wconf 87' lang='lat' dir='ltr'>apoetis</span> <span class='ocrx_word' id='word_1_136' title='bbox 580 2097 780 2183; x_wconf 80' lang='lat' dir='ltr'>metaphorice</span> <span class='ocrx_word' id='word_1_137' title='bbox 807 2097 851 2160; x_wconf 89' lang='lat' dir='ltr'>sio</span> <span class='ocrx_word' id='word_1_138' title='bbox 877 2099 1030 2186; x_wconf 87' lang='lat' dir='ltr'>usurpari,</span> <span class='ocrx_word' id='word_1_139' title='bbox 1058 2106 1091 2162; x_wconf 88' lang='lat' dir='ltr'>nt</span> <span class='ocrx_word' id='word_1_140' title='bbox 1116 2096 1191 2161; x_wconf 93' lang='lat' dir='ltr'>nihil</span> <span class='ocrx_word' id='word_1_141' title='bbox 1219 2095 1398 2182; x_wconf 82' lang='lat' dir='ltr'>significent</span> 
     </span>
     <span class='ocr_line' id='line_1_19' title="bbox 292 2188 1396 2280; baseline -0.004 -20"><span class='ocrx_word' id='word_1_142' title='bbox 292 2197 352 2260; x_wconf 90' lang='lat' dir='ltr'>nisi</span> <span class='ocrx_word' id='word_1_143' title='bbox 380 2196 555 2261; x_wconf 90' lang='lat' dir='ltr'>interire.</span> <span class='ocrx_word' id='word_1_144' title='bbox 603 2197 735 2260; x_wconf 85' lang='lat' dir='ltr'>Tantum</span> <span class='ocrx_word' id='word_1_145' title='bbox 766 2205 862 2262; x_wconf 90' lang='lat' dir='ltr'>autem</span> <span class='ocrx_word' id='word_1_146' title='bbox 893 2199 1000 2280; x_wconf 85' lang='lat' dir='ltr'>abest,¹</span> <span class='ocrx_word' id='word_1_147' title='bbox 1023 2206 1056 2263; x_wconf 89' lang='lat' dir='ltr'>ut</span> <span class='ocrx_word' id='word_1_148' title='bbox 1078 2188 1215 2262; x_wconf 72' lang='lat' dir='ltr'>misorior</span> <span class='ocrx_word' id='word_1_149' title='bbox 1237 2196 1396 2260; x_wconf 77' lang='lat' dir='ltr'>tristior-vo</span> 
     </span>
     <span class='ocr_line' id='line_1_20' title="bbox 292 2294 1395 2383; baseline -0.003 -22"><span class='ocrx_word' id='word_1_150' title='bbox 292 2297 431 2362; x_wconf 85' lang='lat' dir='ltr'>interitus</span> <span class='ocrx_word' id='word_1_151' title='bbox 454 2297 544 2360; x_wconf 86' lang='lat' dir='ltr'>verbo</span> <span class='ocrx_word' id='word_1_152' title='bbox 571 2294 734 2381; x_wconf 60' lang='lat' dir='ltr'>eligendas</span> <span class='ocrx_word' id='word_1_153' title='bbox 762 2297 943 2380; x_wconf 85' lang='lat' dir='ltr'>declaretur,</span> <span class='ocrx_word' id='word_1_154' title='bbox 971 2305 1003 2362; x_wconf 91' lang='lat' dir='ltr'>ut</span> <span class='ocrx_word' id='word_1_155' title='bbox 1021 2297 1097 2363; x_wconf 91' lang='lat' dir='ltr'>illud</span> <span class='ocrx_word' id='word_1_156' title='bbox 1109 2295 1234 2383; x_wconf 80' lang='lat' dir='ltr'>‘quidem</span> <span class='ocrx_word' id='word_1_157' title='bbox 1256 2296 1395 2376; x_wconf 82' lang='lat' dir='ltr'>verbum,</span> 
     </span>
     <span class='ocr_line' id='line_1_21' title="bbox 294 2391 1396 2487; baseline 0 -29"><span class='ocrx_word' id='word_1_158' title='bbox 294 2396 370 2482; x_wconf 92' lang='lat' dir='ltr'>qnod</span> <span class='ocrx_word' id='word_1_159' title='bbox 392 2396 513 2483; x_wconf 86' lang='lat' dir='ltr'>propria</span> <span class='ocrx_word' id='word_1_160' title='bbox 533 2396 605 2459; x_wconf 82' lang='lat' dir='ltr'>eius</span> <span class='ocrx_word' id='word_1_161' title='bbox 627 2403 760 2482; x_wconf 84' lang='lat' dir='ltr'>potestas</span> <span class='ocrx_word' id='word_1_162' title='bbox 780 2391 952 2487; x_wconf 23' lang='lat' dir='ltr'>,abeundi</span> <span class='ocrx_word' id='word_1_163' title='bbox 976 2399 1020 2462; x_wconf 87' lang='lat' dir='ltr'>ita</span> <span class='ocrx_word' id='word_1_164' title='bbox 1040 2398 1118 2482; x_wconf 88' lang='lat' dir='ltr'>fert,</span> <span class='ocrx_word' id='word_1_165' title='bbox 1144 2395 1260 2484; x_wconf 86' lang='lat' dir='ltr'>pariter</span> <span class='ocrx_word' id='word_1_166' title='bbox 1281 2394 1320 2459; x_wconf 85' lang='lat' dir='ltr'>de</span> <span class='ocrx_word' id='word_1_167' title='bbox 1341 2395 1396 2475; x_wconf 89' lang='lat' dir='ltr'>iis,</span> 
     </span>
     <span class='ocr_line' id='line_1_22' title="bbox 293 2492 1397 2584; baseline -0.002 -25"><span class='ocrx_word' id='word_1_168' title='bbox 293 2496 341 2580; x_wconf 92' lang='lat' dir='ltr'>qui</span> <span class='ocrx_word' id='word_1_169' title='bbox 353 2516 408 2559; x_wconf 88' lang='lat' dir='ltr'>sua</span> <span class='ocrx_word' id='word_1_170' title='bbox 418 2501 512 2558; x_wconf 89' lang='lat' dir='ltr'>rnorte</span> <span class='ocrx_word' id='word_1_171' title='bbox 524 2492 654 2558; x_wconf 83' lang='lat' dir='ltr'>defuncti</span> <span class='ocrx_word' id='word_1_172' title='bbox 665 2502 744 2577; x_wconf 88' lang='lat' dir='ltr'>sunt,</span> <span class='ocrx_word' id='word_1_173' title='bbox 760 2504 847 2582; x_wconf 89' lang='lat' dir='ltr'>atque</span> <span class='ocrx_word' id='word_1_174' title='bbox 859 2497 895 2562; x_wconf 92' lang='lat' dir='ltr'>de</span> <span class='ocrx_word' id='word_1_175' title='bbox 905 2498 977 2580; x_wconf 81' lang='lat' dir='ltr'>illis,</span> <span class='ocrx_word' id='word_1_176' title='bbox 996 2498 1046 2584; x_wconf 91' lang='lat' dir='ltr'>qui</span> <span class='ocrx_word' id='word_1_177' title='bbox 1061 2504 1132 2561; x_wconf 88' lang='lat' dir='ltr'>ante</span> <span class='ocrx_word' id='word_1_178' title='bbox 1150 2495 1229 2560; x_wconf 86' lang='lat' dir='ltr'>die&#39;nn</span> <span class='ocrx_word' id='word_1_179' title='bbox 1242 2495 1397 2575; x_wconf 90' lang='lat' dir='ltr'>obierunt,</span> 
     </span>
     <span class='ocr_line' id='line_1_23' title="bbox 293 2585 1398 2684; baseline 0.001 -27"><span class='ocrx_word' id='word_1_180' title='bbox 293 2600 397 2658; x_wconf 86' lang='lat' dir='ltr'>contra</span> <span class='ocrx_word' id='word_1_181' title='bbox 417 2585 551 2656; x_wconf 80' lang='grc' dir='ltr'><strong><em>πίπτειν</em></strong></span> <span class='ocrx_word' id='word_1_182' title='bbox 571 2615 719 2681; x_wconf 86' lang='lat' dir='ltr'>nonquam</span> <span class='ocrx_word' id='word_1_183' title='bbox 740 2595 859 2684; x_wconf 85' lang='lat' dir='ltr'>nonde</span> <span class='ocrx_word' id='word_1_184' title='bbox 881 2597 919 2662; x_wconf 89' lang='lat' dir='ltr'>iis</span> <span class='ocrx_word' id='word_1_185' title='bbox 938 2596 1133 2684; x_wconf 69' lang='lat' dir='ltr'>dicaturqqni</span> <span class='ocrx_word' id='word_1_186' title='bbox 1147 2594 1280 2660; x_wconf 83' lang='lat' dir='ltr'>violenta</span> <span class='ocrx_word' id='word_1_187' title='bbox 1297 2601 1398 2659; x_wconf 86' lang='lat' dir='ltr'>morto</span> 
     </span>
     <span class='ocr_line' id='line_1_24' title="bbox 293 2692 1401 2785; baseline 0 -29"><span class='ocrx_word' id='word_1_188' title='bbox 293 2699 429 2781; x_wconf 87' lang='lat' dir='ltr'>pereunt.</span> <span class='ocrx_word' id='word_1_189' title='bbox 454 2692 503 2758; x_wconf 89' lang='lat' dir='ltr'>Ita</span> <span class='ocrx_word' id='word_1_190' title='bbox 524 2702 557 2758; x_wconf 92' lang='lat' dir='ltr'>ut</span> <span class='ocrx_word' id='word_1_191' title='bbox 576 2716 665 2758; x_wconf 92' lang='lat' dir='ltr'>unum</span> <span class='ocrx_word' id='word_1_192' title='bbox 687 2717 726 2760; x_wconf 86' lang='lat' dir='ltr'>ex</span> <span class='ocrx_word' id='word_1_193' title='bbox 746 2696 909 2764; x_wconf 86' lang='lat' dir='ltr'>innumeris</span> <span class='ocrx_word' id='word_1_194' title='bbox 930 2696 1075 2785; x_wconf 84' lang='lat' dir='ltr'>exemplis</span> <span class='ocrx_word' id='word_1_195' title='bbox 1098 2696 1235 2778; x_wconf 80' lang='lat' dir='ltr'>afferam,</span> <span class='ocrx_word' id='word_1_196' title='bbox 1255 2695 1314 2759; x_wconf 86' lang='lat' dir='ltr'>hac</span> <span class='ocrx_word' id='word_1_197' title='bbox 1328 2694 1401 2782; x_wconf 89' lang='lat' dir='ltr'>ipsa</span> 
     </span>
    </p>
   </div>
   <div class='ocr_carea' id='block_1_12' title="bbox 294 2791 946 2882">
    <p class='ocr_par' dir='ltr' id='par_1_12' title="bbox 294 2791 946 2882">
     <span class='ocr_line' id='line_1_25' title="bbox 294 2791 946 2882; baseline 0.008 -26"><span class='ocrx_word' id='word_1_198' title='bbox 294 2794 327 2857; x_wconf 91' lang='lat' dir='ltr'>in</span> <span class='ocrx_word' id='word_1_199' title='bbox 348 2791 450 2858; x_wconf 83' lang='lat' dir='ltr'>fabula</span> <span class='ocrx_word' id='word_1_200' title='bbox 471 2794 619 2860; x_wconf 88' lang='lat' dir='ltr'>Hercules</span> <span class='ocrx_word' id='word_1_201' title='bbox 643 2817 671 2860; x_wconf 90' lang='lat' dir='ltr'>v.</span> <span class='ocrx_word' id='word_1_202' title='bbox 696 2795 787 2862; x_wconf 85' lang='lat'><strong>1039.</strong></span> <span class='ocrx_word' id='word_1_203' title='bbox 809 2797 870 2861; x_wconf 90' lang='lat' dir='ltr'>ait:</span> <span class='ocrx_word' id='word_1_204' title='bbox 941 2873 946 2882; x_wconf 38' lang='grc'><em>,</em></span> 
     </span>
    </p>
   </div>
   <div class='ocr_carea' id='block_1_13' title="bbox 446 2921 1354 3130">
    <p class='ocr_par' dir='ltr' id='par_1_13' title="bbox 446 2921 1354 3130">
     <span class='ocr_line' id='line_1_26' title="bbox 446 2921 1354 3030; baseline 0.001 -22"><span class='ocrx_word' id='word_1_205' title='bbox 446 2927 496 3008; x_wconf 77' lang='grc' dir='ltr'>σοί</span> <span class='ocrx_word' id='word_1_206' title='bbox 518 2941 634 3028; x_wconf 75' lang='grc' dir='ltr'><strong><em>μάτηρ</em></strong></span> <span class='ocrx_word' id='word_1_207' title='bbox 657 2940 783 3025; x_wconf 75' lang='grc' dir='ltr'><em>ἄθεος,</em></span> <span class='ocrx_word' id='word_1_208' title='bbox 815 2940 861 3010; x_wconf 73' lang='grc' dir='ltr'>ἂν</span> <span class='ocrx_word' id='word_1_209' title='bbox 886 2935 943 3010; x_wconf 81' lang='grc' dir='ltr'>ὧδ’</span> <span class='ocrx_word' id='word_1_210' title='bbox 965 2941 1111 3030; x_wconf 77' lang='grc' dir='ltr'>ἐπίδοιμι</span> <span class='ocrx_word' id='word_1_211' title='bbox 1138 2921 1354 3010; x_wconf 79' lang='grc' dir='ltr'><strong><em>πεσοῦσπν</em></strong></span> 
     </span>
     <span class='ocr_line' id='line_1_27' title="bbox 447 3037 1076 3130; baseline 0.013 -26"><span class='ocrx_word' id='word_1_212' title='bbox 447 3037 569 3118; x_wconf 78' lang='grc' dir='ltr'><em>αὕτως,</em></span> <span class='ocrx_word' id='word_1_213' title='bbox 596 3037 706 3108; x_wconf 48' lang='lat' dir='ltr'>ab*</span> <span class='ocrx_word' id='word_1_214' title='bbox 672 3041 798 3127; x_wconf 74' lang='grc' dir='ltr'><em>αὔτως,</em></span> <span class='ocrx_word' id='word_1_215' title='bbox 825 3040 921 3130; x_wconf 79' lang='grc' dir='ltr'><strong><em>ὥςμ’</em></strong></span> <span class='ocrx_word' id='word_1_216' title='bbox 946 3043 1076 3112; x_wconf 77' lang='grc' dir='ltr'><strong><em>ὤλεσεν</em></strong></span> 
     </span>
    </p>
   </div>
   <div class='ocr_carea' id='block_1_14' title="bbox 293 3151 1400 3290">
    <p class='ocr_par' dir='ltr' id='par_1_14' title="bbox 293 3151 1400 3290">
     <span class='ocr_line' id='line_1_28' title="bbox 293 3151 1400 3290; baseline 0.004 -32"><span class='ocrx_word' id='word_1_217' title='bbox 293 3193 343 3258; x_wconf 85' lang='lat' dir='ltr'>Ex</span> <span class='ocrx_word' id='word_1_218' title='bbox 366 3212 424 3279; x_wconf 92' lang='lat' dir='ltr'>qno</span> <span class='ocrx_word' id='word_1_219' title='bbox 446 3193 594 3279; x_wconf 88' lang='lat' dir='ltr'>seqnitur,</span> <span class='ocrx_word' id='word_1_220' title='bbox 616 3196 672 3258; x_wconf 91' lang='lat' dir='ltr'>hoc</span> <span class='ocrx_word' id='word_1_221' title='bbox 675 3196 809 3290; x_wconf 89' lang='lat' dir='ltr'>quidem</span> <span class='ocrx_word' id='word_1_222' title='bbox 830 3196 897 3262; x_wconf 90' lang='lat' dir='ltr'>loco</span> <span class='ocrx_word' id='word_1_223' title='bbox 912 3204 944 3262; x_wconf 89' lang='lat' dir='ltr'>et</span> <span class='ocrx_word' id='word_1_224' title='bbox 945 3197 1081 3285; x_wconf 76' lang='lat' dir='ltr'>gravius</span> <span class='ocrx_word' id='word_1_225' title='bbox 1096 3205 1127 3262; x_wconf 91' lang='lat' dir='ltr'>et</span> <span class='ocrx_word' id='word_1_226' title='bbox 1144 3151 1400 3262; x_wconf 77' lang='lat' dir='ltr'>accommodatius</span> 
     </span>
    </p>
   </div>
   <div class='ocr_carea' id='block_1_15' title="bbox 271 3289 1502 3484">
    <p class='ocr_par' dir='ltr' id='par_1_15' title="bbox 271 3289 1502 3484">
     <span class='ocr_line' id='line_1_29' title="bbox 271 3289 1402 3412; baseline 0.004 -56"><span class='ocrx_word' id='word_1_227' title='bbox 271 3292 416 3356; x_wconf 84' lang='lat' dir='ltr'>&#39;verbnm</span> <span class='ocrx_word' id='word_1_228' title='bbox 444 3289 581 3356; x_wconf 78' lang='grc' dir='ltr'><strong><em>πίπτειν</em></strong></span> <span class='ocrx_word' id='word_1_229' title='bbox 611 3316 695 3379; x_wconf 93' lang='lat' dir='ltr'>quam</span> <span class='ocrx_word' id='word_1_230' title='bbox 722 3294 879 3412; x_wconf 69' lang='grc' dir='ltr'><strong>οἰχιινθαι</strong></span> <span class='ocrx_word' id='word_1_231' title='bbox 905 3320 983 3364; x_wconf 86' lang='lat' dir='ltr'>esso.</span> <span class='ocrx_word' id='word_1_232' title='bbox 1034 3297 1106 3361; x_wconf 89' lang='lat' dir='ltr'>Non</span> <span class='ocrx_word' id='word_1_233' title='bbox 1137 3298 1235 3362; x_wconf 90' lang='lat' dir='ltr'>minus</span> <span class='ocrx_word' id='word_1_234' title='bbox 1269 3304 1402 3377; x_wconf 84' lang='lat' dir='ltr'>constat,</span> 
     </span>
     <span class='ocr_line' id='line_1_30' title="bbox 284 3383 1502 3484; baseline 0.006 -30"><span class='ocrx_word' id='word_1_235' title='bbox 284 3417 287 3422; x_wconf 94' lang='lat'>·</span> <span class='ocrx_word' id='word_1_236' title='bbox 299 3388 449 3466; x_wconf 78' lang='grc' dir='ltr'><strong><em>ἕξόλωλα</em></strong></span> <span class='ocrx_word' id='word_1_237' title='bbox 469 3389 518 3456; x_wconf 89' lang='lat' dir='ltr'>vel</span> <span class='ocrx_word' id='word_1_238' title='bbox 540 3389 650 3455; x_wconf 76' lang='grc' dir='ltr'><em>ὄλωλα</em></span> <span class='ocrx_word' id='word_1_239' title='bbox 672 3397 845 3481; x_wconf 85' lang='lat' dir='ltr'>saepissime</span> <span class='ocrx_word' id='word_1_240' title='bbox 867 3418 885 3460; x_wconf 85' lang='lat' dir='ltr'>a</span> <span class='ocrx_word' id='word_1_241' title='bbox 905 3398 1002 3484; x_wconf 89' lang='lat' dir='ltr'>poetis</span> <span class='ocrx_word' id='word_1_242' title='bbox 1024 3397 1149 3484; x_wconf 81' lang='lat' dir='ltr'>tragicis</span> <span class='ocrx_word' id='word_1_243' title='bbox 1171 3383 1276 3462; x_wconf 86' lang='lat' dir='ltr'>eodem</span> <span class='ocrx_word' id='word_1_244' title='bbox 1298 3417 1400 3484; x_wconf 84' lang='lat' dir='ltr'>paene</span> <span class='ocrx_word' id='word_1_245' title='bbox 1501 3395 1502 3402; x_wconf 60' lang='lat'><em>&#39;</em></span> 
     </span>
    </p>
   </div>
   <div class='ocr_carea' id='block_1_16' title="bbox 221 3489 1400 3588">
    <p class='ocr_par' dir='ltr' id='par_1_16' title="bbox 221 3489 1400 3588">
     <span class='ocr_line' id='line_1_31' title="bbox 221 3489 1400 3588; baseline 0.006 -36"><span class='ocrx_word' id='word_1_246' title='bbox 221 3545 226 3552; x_wconf 91' lang='lat'><em>.</em></span> <span class='ocrx_word' id='word_1_247' title='bbox 295 3511 386 3554; x_wconf 84' lang='lat' dir='ltr'>sensu</span> <span class='ocrx_word' id='word_1_248' title='bbox 408 3496 495 3577; x_wconf 87' lang='lat' dir='ltr'>atque</span> <span class='ocrx_word' id='word_1_249' title='bbox 518 3489 672 3570; x_wconf 77' lang='grc' dir='ltr'><strong><em>τέθνηκα</em></strong></span> <span class='ocrx_word' id='word_1_250' title='bbox 693 3497 844 3581; x_wconf 88' lang='lat' dir='ltr'>usurpari,</span> <span class='ocrx_word' id='word_1_251' title='bbox 866 3518 1040 3588; x_wconf 82' lang='lat' dir='ltr'>quamquam</span> <span class='ocrx_word' id='word_1_252' title='bbox 1063 3517 1150 3561; x_wconf 88' lang='lat' dir='ltr'>nemo</span> <span class='ocrx_word' id='word_1_253' title='bbox 1172 3496 1286 3579; x_wconf 85' lang='lat' dir='ltr'>nescit,</span> <span class='ocrx_word' id='word_1_254' title='bbox 1309 3518 1400 3584; x_wconf 87' lang='lat' dir='ltr'>per-</span> 
     </span>
    </p>
   </div>
   <div class='ocr_carea' id='block_1_17' title="bbox 294 3577 1502 4302">
    <p class='ocr_par' dir='ltr' id='par_1_17' title="bbox 294 3577 1502 4274">
     <span class='ocr_line' id='line_1_32' title="bbox 296 3577 1502 3702; baseline 0.007 -51"><span class='ocrx_word' id='word_1_255' title='bbox 296 3586 407 3652; x_wconf 91' lang='lat' dir='ltr'>eundi</span> <span class='ocrx_word' id='word_1_256' title='bbox 427 3592 526 3702; x_wconf 87' lang='lat' dir='ltr'>potius</span> <span class='ocrx_word' id='word_1_257' title='bbox 549 3613 635 3676; x_wconf 86' lang='lat' dir='ltr'>qnam</span> <span class='ocrx_word' id='word_1_258' title='bbox 656 3593 841 3659; x_wconf 87' lang='lat' dir='ltr'>moriendi</span> <span class='ocrx_word' id='word_1_259' title='bbox 863 3597 1060 3682; x_wconf 84' lang='lat' dir='ltr'>significatum</span> <span class='ocrx_word' id='word_1_260' title='bbox 1079 3597 1201 3661; x_wconf 86' lang='lat' dir='ltr'>hahere.</span> <span class='ocrx_word' id='word_1_261' title='bbox 1244 3585 1400 3660; x_wconf 80' lang='lat' dir='ltr'>Hercules</span> <span class='ocrx_word' id='word_1_262' title='bbox 1501 3577 1502 3594; x_wconf 22' lang='grc' dir='ltr'><strong><em>ί</em></strong></span> 
     </span>
     <span class='ocr_line' id='line_1_33' title="bbox 296 3683 1400 3780; baseline 0.008 -32"><span class='ocrx_word' id='word_1_263' title='bbox 296 3695 396 3750; x_wconf 88' lang='lat' dir='ltr'>autem</span> <span class='ocrx_word' id='word_1_264' title='bbox 417 3690 452 3750; x_wconf 88' lang='lat' dir='ltr'>si</span> <span class='ocrx_word' id='word_1_265' title='bbox 466 3690 630 3773; x_wconf 89' lang='lat' dir='ltr'>quindecim</span> <span class='ocrx_word' id='word_1_266' title='bbox 652 3699 720 3778; x_wconf 87' lang='lat' dir='ltr'>post</span> <span class='ocrx_word' id='word_1_267' title='bbox 735 3694 826 3780; x_wconf 89' lang='lat' dir='ltr'>Iphiti</span> <span class='ocrx_word' id='word_1_268' title='bbox 847 3695 965 3759; x_wconf 88' lang='lat' dir='ltr'>caedem</span> <span class='ocrx_word' id='word_1_269' title='bbox 986 3696 1138 3759; x_wconf 84' lang='lat' dir='ltr'>mensibus</span> <span class='ocrx_word' id='word_1_270' title='bbox 1160 3683 1309 3776; x_wconf 88' lang='lat' dir='ltr'>occubuit,</span> <span class='ocrx_word' id='word_1_271' title='bbox 1331 3715 1400 3757; x_wconf 88' lang='lat' dir='ltr'>cnm</span> 
     </span>
     <span class='ocr_line' id='line_1_34' title="bbox 298 3777 1400 3908; baseline 0.009 -61"><span class='ocrx_word' id='word_1_272' title='bbox 298 3777 370 3848; x_wconf 87' lang='lat' dir='ltr'>ante</span> <span class='ocrx_word' id='word_1_273' title='bbox 396 3784 471 3848; x_wconf 89' lang='lat' dir='ltr'>diem</span> <span class='ocrx_word' id='word_1_274' title='bbox 497 3789 598 3852; x_wconf 89' lang='lat' dir='ltr'>obisse</span> <span class='ocrx_word' id='word_1_275' title='bbox 619 3791 783 3856; x_wconf 87' lang='lat' dir='ltr'>Deianirae</span> <span class='ocrx_word' id='word_1_276' title='bbox 810 3793 905 3858; x_wconf 89' lang='lat' dir='ltr'>videri</span> <span class='ocrx_word' id='word_1_277' title='bbox 919 3793 1063 3877; x_wconf 88' lang='lat' dir='ltr'>deberet,</span> <span class='ocrx_word' id='word_1_278' title='bbox 1090 3795 1244 3882; x_wconf 86' lang='lat' dir='ltr'>aptissime</span> <span class='ocrx_word' id='word_1_279' title='bbox 1265 3795 1400 3908; x_wconf 78' lang='lat' dir='ltr'>positum</span> 
     </span>
     <span class='ocr_line' id='line_1_35' title="bbox 294 3881 1403 3989; baseline 0.009 -42"><span class='ocrx_word' id='word_1_280' title='bbox 294 3884 345 3947; x_wconf 90' lang='lat' dir='ltr'>hio</span> <span class='ocrx_word' id='word_1_281' title='bbox 375 3885 493 3948; x_wconf 87' lang='lat' dir='ltr'>verbum</span> <span class='ocrx_word' id='word_1_282' title='bbox 519 3881 668 3961; x_wconf 72' lang='grc' dir='ltr'><strong><em>ἐξόλωλα</em></strong></span> <span class='ocrx_word' id='word_1_283' title='bbox 699 3911 767 3954; x_wconf 91' lang='lat' dir='ltr'>esse</span> <span class='ocrx_word' id='word_1_284' title='bbox 792 3901 884 3980; x_wconf 90' lang='lat' dir='ltr'>patet.</span> <span class='ocrx_word' id='word_1_285' title='bbox 927 3894 1030 3958; x_wconf 87' lang='lat' dir='ltr'>Hoc</span> <span class='ocrx_word' id='word_1_286' title='bbox 1022 3913 1118 3989; x_wconf 82' lang='lat' dir='ltr'>ipsum</span> <span class='ocrx_word' id='word_1_287' title='bbox 1147 3901 1246 3957; x_wconf 89' lang='lat' dir='ltr'>autem</span> <span class='ocrx_word' id='word_1_288' title='bbox 1275 3893 1305 3958; x_wconf 87' lang='lat' dir='ltr'>si</span> <span class='ocrx_word' id='word_1_289' title='bbox 1333 3895 1403 3978; x_wconf 90' lang='lat' dir='ltr'>quis</span> 
     </span>
     <span class='ocr_line' id='line_1_36' title="bbox 298 3983 1402 4078; baseline 0.012 -36"><span class='ocrx_word' id='word_1_290' title='bbox 298 3987 383 4066; x_wconf 89' lang='lat' dir='ltr'>putet</span> <span class='ocrx_word' id='word_1_291' title='bbox 402 4003 463 4046; x_wconf 91' lang='lat' dir='ltr'>non</span> <span class='ocrx_word' id='word_1_292' title='bbox 486 3983 622 4052; x_wconf 88' lang='lat' dir='ltr'>debuisse</span> <span class='ocrx_word' id='word_1_293' title='bbox 645 3986 755 4053; x_wconf 90' lang='lat' dir='ltr'>diserte</span> <span class='ocrx_word' id='word_1_294' title='bbox 778 3991 882 4076; x_wconf 93' lang='lat' dir='ltr'>eloqui</span> <span class='ocrx_word' id='word_1_295' title='bbox 891 3992 1078 4075; x_wconf 89' lang='lat' dir='ltr'>Deianiram,</span> <span class='ocrx_word' id='word_1_296' title='bbox 1094 3992 1148 4057; x_wconf 87' lang='lat' dir='ltr'>sed</span> <span class='ocrx_word' id='word_1_297' title='bbox 1166 3992 1402 4078; x_wconf 83' lang='lat' dir='ltr'>intelligendum</span> 
     </span>
     <span class='ocr_line' id='line_1_37' title="bbox 298 4077 1402 4172; baseline 0.015 -35"><span class='ocrx_word' id='word_1_298' title='bbox 298 4077 466 4162; x_wconf 88' lang='lat' dir='ltr'>relinquere</span> <span class='ocrx_word' id='word_1_299' title='bbox 493 4086 725 4170; x_wconf 87' lang='lat' dir='ltr'>spectatoribus,</span> <span class='ocrx_word' id='word_1_300' title='bbox 751 4088 811 4151; x_wconf 83' lang='grc' dir='ltr'>σοῦ</span> <span class='ocrx_word' id='word_1_301' title='bbox 836 4085 964 4172; x_wconf 83' lang='grc' dir='ltr'><strong><em>πατρὸς</em></strong></span> <span class='ocrx_word' id='word_1_302' title='bbox 991 4083 1258 4168; x_wconf 78' lang='grc' dir='ltr'><strong><em>ἐξολωλότος,</em></strong></span> <span class='ocrx_word' id='word_1_303' title='bbox 1248 4113 1277 4154; x_wconf 88' lang='lat' dir='ltr'>ns</span> <span class='ocrx_word' id='word_1_304' title='bbox 1305 4091 1402 4166; x_wconf 79' lang='lat' dir='ltr'>totius</span> 
     </span>
     <span class='ocr_line' id='line_1_38' title="bbox 299 4171 1403 4302; baseline 0.016 -66"><span class='ocrx_word' id='word_1_305' title='bbox 299 4171 360 4236; x_wconf 89' lang='lat' dir='ltr'>loci</span> <span class='ocrx_word' id='word_1_306' title='bbox 385 4179 530 4242; x_wconf 86' lang='lat' dir='ltr'>rationem</span> <span class='ocrx_word' id='word_1_307' title='bbox 556 4204 618 4246; x_wconf 92' lang='lat' dir='ltr'>non</span> <span class='ocrx_word' id='word_1_308' title='bbox 646 4183 823 4249; x_wconf 86' lang='lat' dir='ltr'>advertisse</span> <span class='ocrx_word' id='word_1_309' title='bbox 841 4188 1005 4252; x_wconf 84' lang='lat' dir='ltr'>censendus</span> <span class='ocrx_word' id='word_1_310' title='bbox 1034 4196 1094 4272; x_wconf 86' lang='lat' dir='ltr'>est,</span> <span class='ocrx_word' id='word_1_311' title='bbox 1123 4190 1155 4253; x_wconf 93' lang='lat' dir='ltr'>iu</span> <span class='ocrx_word' id='word_1_312' title='bbox 1175 4209 1244 4302; x_wconf 88' lang='lat' dir='ltr'>qno</span> <span class='ocrx_word' id='word_1_313' title='bbox 1272 4211 1340 4253; x_wconf 87' lang='lat' dir='ltr'>cnm</span> <span class='ocrx_word' id='word_1_314' title='bbox 1369 4188 1403 4253; x_wconf 93' lang='lat' dir='ltr'>id</span> 
     </span>
    </p>
   </div>
   <div class='ocr_carea' id='block_1_18' title="bbox 284 4273 1402 4375">
    <p class='ocr_par' dir='ltr' id='par_1_18' title="bbox 284 4273 1402 4375">
     <span class='ocr_line' id='line_1_39' title="bbox 284 4273 1402 4375; baseline 0.018 -43.327"><span class='ocrx_word' id='word_1_315' title='bbox 284 4277 421 4354; x_wconf 67' lang='lat' dir='ltr'>¹,arguetur</span> <span class='ocrx_word' id='word_1_316' title='bbox 438 4283 470 4338; x_wconf 90' lang='lat' dir='ltr'>nt</span> <span class='ocrx_word' id='word_1_317' title='bbox 484 4273 606 4364; x_wconf 89' lang='lat' dir='ltr'>Hyllus,</span> <span class='ocrx_word' id='word_1_318' title='bbox 630 4282 708 4366; x_wconf 91' lang='lat' dir='ltr'>qnod</span> <span class='ocrx_word' id='word_1_319' title='bbox 724 4283 818 4348; x_wconf 85' lang='lat' dir='ltr'>adhoc</span> <span class='ocrx_word' id='word_1_320' title='bbox 833 4283 870 4351; x_wconf 82' lang='lat' dir='ltr'>de</span> <span class='ocrx_word' id='word_1_321' title='bbox 885 4286 983 4352; x_wconf 82' lang='lat' dir='ltr'>salute</span> <span class='ocrx_word' id='word_1_322' title='bbox 997 4289 1093 4375; x_wconf 85' lang='lat' dir='ltr'>patris</span> <span class='ocrx_word' id='word_1_323' title='bbox 1112 4287 1233 4353; x_wconf 79' lang='lat' dir='ltr'>minime</span> <span class='ocrx_word' id='word_1_324' title='bbox 1251 4287 1402 4352; x_wconf 84' lang='lat' dir='ltr'>sollicitos</span> 
     </span>
    </p>
   </div>
   <div class='ocr_carea' id='block_1_19' title="bbox 0 0 1524 5096">
    <p class='ocr_par' dir='ltr' id='par_1_19' title="bbox 0 0 1524 5096">
     <span class='ocr_line' id='line_1_40' title="bbox 0 0 1524 5096; baseline 0 0"><span class='ocrx_word' id='word_1_325' title='bbox 0 0 1524 5096; x_wconf 95' lang='lat' dir='ltr'> </span> 
     </span>
    </p>
   </div>
  </div>
 </body>
</html>
