3028 5096
758 382 820 454 168

239 574 279 639 ab
299 595 337 638 ea
357 571 512 655 discessit,
540 578 573 636 ut
592 570 775 658 relinqueret
796 567 935 633 tabellam
958 574 1102 648 veterem,
1130 567 1166 630 in
1188 588 1246 653 qua
1267 589 1339 632 ura-

207 670 339 739 .culum
366 679 433 738 erat
460 670 656 758 perscriptum
686 669 845 750 eiusmodi,
878 689 916 733 ex
952 689 1009 755 quo
1037 675 1170 755 pateret}
1209 665 1341 730 Herculi

240 770 407 857 quindecim
428 779 497 858 pust
517 770 609 857 lphiti
630 768 941 858 caedempraeteritis
962 767 1113 832 mensibus
1134 774 1187 832 aut
1209 767 1348 830 muricem,¹

242 870 311 934 dum
332 891 419 953 esse,
448 878 500 934 aut
524 870 551 934 si
572 870 672 935 salvus
693 868 767 934 illud
789 879 904 956 tempus
926 875 1116 956 superasset,
1145 867 1233 932 vitam
1256 864 1343 952 quie-

242 981 303 1034 tam
324 990 360 1033 ac
380 970 497 1032 beamur
517 970 594 1035 iure.
637 969 685 1034 Εο
706 959 800 1056 igitur‘
821 969 962 1057 temperis
984 977 1147 1049 momentu,
1174 987 1231 1052 que
1252 967 1343 1047 haec,

242 1079 319 1156 quae
347 1068 572 1156 adscripsimus,
597 1069 690 1132 verba
722 1068 869 1146 Deianira
896 1068 1027 1154 profert,
1060 1088 1125 1130 cum
1155 1065 1257 1161 elapsu
1283 1065 1341 1129 illu

142 1241 147 1246 ,
243 1169 385 1256 temperis
407 1169 505 1257 spatio
519 1167 662 1233 nihildum
679 1167 716 1233 de
731 1167 864 1234 Hercule
882 1169 1005 1232 absente
1017 1165 1221 1246 inaudivisset,
1233 1165 1341 1228 summi

241 1277 339 1334 metus
360 1266 478 1355 plenam
500 1289 534 1332 sc
557 1261 626 1333 es'se
647 1268 707 1350 ait,
727 1279 880 1356 metusque
901 1287 1018 1330 causam
1040 1286 1115 1346 eam,
1138 1286 1224 1350 quam
1246 1283 1341 1352 expo-

239 1368 308 1450 sui,
329 1367 429 1431 iu'dea
445 1391 472 1432 v.
487 1367 538 1432 39.
558 1367 684 1432 reddere
697 1369 810 1455 incipit.
851 1368 957 1456 ltaque
983 1386 1042 1429 vus.
1056 1361 1196 1444 ³842.
1217 1385 1341 1427 sensum

242 1467 322 1530 hunc
344 1488 413 1530 esse
434 1477 535 1554 patet:
568 1488 717 1559 exque
749 1467 841 1532 euim
874 1449 1038 1554 lpluilum
1069 1463 1343 1548 eccidit,·dunn

242 1585 312 1651 ego
334 1566 506 1631 extorris
534 1565 732 1632 Trachine
761 1587 918 1648 versor,
946 1564 1020 1631 ille
1047 1565 1110 1628 ubi
1136 1565 1213 1647 sit,¹
1234 1585 1341 1626 nemo

118 1673 121 1681 ’
242 1665 339 1746 scit3
369 1674 632 1753 praeterquam
664 1665 757 1752 quod
796 1666 886 1730 mihi
924 1663 1122 1730 discedens
1158 1662 1341 1756 eipsm'edi

242 1764 299 1827 sui
327 1786 457 1830 curam
481 1755 660 1854 reliquit,
690 1787 782 1852 quae
807 1766 921 1848 lacit,
953 1775 989 1830 ut
1009 1786 1123 1853 paene
1144 1765 1342 1850 suspicer,

145 1861 150 1872 “
243 1863 461 1933 calamitate
482 1888 561 1932 eum
583 1867 779 1933 afflictum
802 1865 936 1932 teneri.
980 1865 1064 1932 Cura
1076 1875 1174 1951 autem
1190 1863 1244 1928 illa
1259 1863 1341 1927 Her·-

180 1989 183 1994 “
241 1963 332 2052 euliq,
354 1973 438 2053 quam
461 1967 519 2032 sihi
539 1967 673 2034 relictam
695 1989 764 2032 esse
784 1966 931 2045 Deianira
946 1966 998 2050 ait,
1015 1985 1079 2030 cum
1094 1963 1146 2028 ille
1162 1965 1340 2048 discederet,

234 2065 270 2128 'si
298 2068 430 2152 quaeris,
458 2067 621 2144 cuiusmodi
647 2069 753 2151 fuerit,
783 2090 848 2132 cum
875 2090 930 2156 per
957 2086 991 2132 se
1018 2065 1211 2153 intelligitun
1238 2071 1299 2128 tum
1320 2086 1342 2128 ο

155 2219 158 2230 .
242 2166 341 2231 verbis
364 2167 704 2254 sequentibusque&
725 2166 756 2236 δ’
775 2163 958 2252 ἐπίσταμαί
978 2188 1011 2231 τε
1031 2161 1114 2248 πῆμ’
1135 2160 1254 2250 ίχοντοί
1274 2185 1343 2245 νιν,

243 2275 326 2330 certo
350 2285 490 2354 apparet,
512 2270 608 2358 ipsam
627 2270 710 2335 illam
732 2269 869 2335 tabellam
891 2269 1074 2355 significari,
1100 2271 1132 2332 iu
1156 2287 1213 2354 qua
1234 2286 1341 2328 euacu-

243 2363 304 2430 lum
325 2365 416 2448 illud,
439 2368 516 2456 quud
538 2372 772 2453 commemoravi,
788 2371 983 2459 perscriptum
1002 2377 1078 2436 eret.
1128 2369 1192 2433 lam
1208 2365 1265 2430 etsi
1282 2365 1339 2448 mi·
1392 2441 1398 2446 ,

241 2466 321 2530 nime
346 2487 441 2552 nego,
470 2489 527 2532 neu
554 2471 691 2558 putuisse
715 2480 842 2554 tautum,
871 2470 924 2534 sed
954 2470 1092 2534 debuisse
1113 2468 1187 2533 adeo
1210 2489 1228 2530 a
1248 2475 1341 2554 poeta

244 2586 329 2662 eam,
350 2587 426 2651 quae
446 2569 546 2636 verbis
565 2569 638 2654 illis,
660 2568 749 2648 πλὴν
768 2568 843 2654 ἐμοὶ
858 2605 895 2618 -
917 2566 1039 2655 ἔχοντα
1062 2591 1135 2648 νιν,
1157 2568 1337 2648 continetur,
1400 2615 1403 2624 .

241 2668 420 2732 seutentiam
446 2667 579 2758 plurilus
601 2671 762 2760 explicari,
786 2683 884 2738 tamen
908 2672 1051 2760 ignorare
1077 2692 1128 2735 eus
1150 2669 1255 2756 poesin
1277 2667 1337 2732 Su-

242 2765 357 2852 phoclis
376 2769 533 2854 contendo,
549 2772 599 2860 qui
621 2773 658 2836 ab
677 2795 714 2839 eo
735 2782 767 2839 et
786 2774 843 2839 hec
864 2773 930 2839 luco
952 2774 1050 2838 sic'ut
1070 2772 1179 2836 sactum
1201 2776 1250 2832 est
1268 2789 1337 2831 ver-

242 2866 324 2932 sibus
349 2872 540 2956 sequentibus
563 2865 594 2938 c't
609 2875 717 2940 iterum
734 2897 762 2956 p.
783 2874 843 2940 155
859 2897 923 2962 sqq.
941 2871 1064 2938 eandem
1087 2893 1151 2938 rem
1168 2869 1337 2957 expositam

241 2974 386 3035 statuant.
427 2970 494 3036 lllic
518 2974 596 3038 enim
624 2976 698 3040 haec
715 2975 828 3066 scripta
843 2961 929 3042 sunt:

292 3083 354 3148 155
395 3081 572 3174 ὁδόν”χοίρ
600 3079 683 3174 ἦμος
705 3088 768 3168 τήν
788 3086 984 3156 τελευταίαν
1003 3084 1091 3166 ἄναξ

394 3181 518 3271 ὥρμᾶτ*
538 3184 599 3252 α’π’
619 3189 719 3258 οἴκων
735 3182 924 3275 Ἡρακλῆς,
946 3186 1015 3256 τότ’
1035 3187 1072 3254 ἐν
1092 3185 1208 3273 δόμοις

391 3283 495 3350 λείπει
516 3288 666 3353 παλαιάν
686 3291 807 3357 δέλτον
827 3290 1096 3376 ἐγγεγραμμίνην

394 3377 611 3470 ξονθήμαθ’,
632 3387 713 3472 α’μοὶ
734 3390 890 3474 πρόσθεν
909 3390 970 3456 οὐκ
993 3387 1193 3480 ἔτληιποτέ,

395 3485 542 3564 πολλοὺς
562 3484 695 3572 α’χῶνας
716 3487 824 3571 ἐξιών,
848 3487 941 3555 οὔπω
963 3487 1103 3579 φράοαο

293 3585 360 3654 lto
396 3584 474 3653 ἀλλ’
493 3584 536 3666 ὥς
556 3613 588 3654 τε
610 3589 744 3676 δράσων
766 3581 880 3678 εἷρπε,
902 3584 967 3655 κοεί
986 3587 1207 3672 θανούμενος.

373 3683 452 3767 ,νῦν
474 3682 951 3776 δ’ὠςὲτόείκίίνείπεμὲν,
979 3689 1090 3776 λε’χοος
1109 3680 1164 3754 ὅτε
1291 3691 1301 3702 “

387 3783 483 3875 χρείη
513 3788 549 3874 μ’
571 3787 715 3856 ἑλέσθαι
734 3790 876 3874 κτῆσιν,
898 3780 969 3856 εἶπε
993 3787 1037 3870 δ’,
1061 3785 1102 3869 ἢν
1116 3791 1247 3866 τέκνοις

392 3891 517 3976 μοῖραν
530 3889 690 3978 πατρῴας
705 3895 766 3977 γῆς
788 3890 963 3977 διαιρετήν
976 3891 1068 3974 νέμοι
1075 3937 1088 3972 ,

386 3986 509 4074 χρόνον
524 3987 713 4076 προτάξας,
741 3993 801 4078 ὡς,
827 3989 984 4077 τρίμηνος
1004 3988 1105 4071 ἡνίκα
1215 3991 1220 3998 ’

290 4089 351 4154 lut
387 4087 497 4176 χώρας
514 4087 611 4170 α’πείη
628 4090 816 4169 κάνεαὺοεος
832 4091 958 4177 βεβώς,

391 4185 461 4256 τότ’
480 4182 505 4266 ri*
524 4191 648 4258 θανεῖν
671 4191 763 4282 χρείη
790 4217 853 4282 σφε
876 4193 961 4282 τῷδε
983 4188 1028 4279 τῷ
1048 4189 1178 4283 χρόνῳ,

391 4275 525 4369 ἢτοῦῖ
537 4285 798 4381 ὑπεκδραμόντα
820 4295 878 4362 τοῦ
892 4289 1013 4381 χρόνον
1032 4295 1127 4370 τέλος
1159 4361 1165 4370 ,
