3000 5108
132 582 180 646 ita
198 577 290 646 scribi
308 599 327 650 a
342 535 434 668 paen
450 579 587 674 putuisse
605 601 752 678 censenm,
792 575 881 665 *Quod
902 581 997 670 ipsum
1019 583 1134 672 quldem
1152 586 1218 654 ileu

5 651 6 686 ί
131 701 274 747 mannum
300 699 356 768 pru
381 701 494 746 summa
519 702 573 746 suu
601 684 767 768 sagacitate
800 682 1016 750 intellecturum
1042 685 1137 754 luisse
1163 710 1230 777 per·

5 809 7 848 J
131 803 255 846 suasum
276 781 391 862 haben,
412 782 441 844 si
461 780 613 869 explicare
633 783 725 846 verba
745 782 814 864 illa,
843 780 926 846 τάδε
948 785 984 849 δὲ
1003 781 1159 869 μελόμεν’
1179 787 1230 854 ἐπ’

132 877 274 960 ἐλπίσιν,
296 880 582 969 explicationemque
602 881 754 946 illustrare
768 881 919 970 *exemplis
941 885 1086 950 similibus
1103 896 1228 954 cunutus

132 990 226 1049 esset.
271 971 365 1055 ‘Quod
393 1001 457 1044 eum
482 981 583 1048 fucere
609 983 759 1064 caruerit,
793 1004 833 1046 ne
863 983 936 1046 illud
964 984 1080 1069 quidem
1108 989 1229 1074 scimus,

59 1149 71 1162 ⁸
131 1082 329 1148 Erfurdtiune
356 1101 498 1146 assensus
525 1082 582 1165 sit,
610 1105 695 1169 quem
723 1079 1038 1165 vidimus-puldpma
1066 1073 1257 1174 euplicare,¹

132 1205 226 1272 quae
255 1205 366 1248 curae
393 1183 506 1250 uubis
534 1183 823 1270 sunc.11sigttur
849 1181 970 1248 verbum
996 1185 1120 1250 finium·
1141 1189 1227 1254 huius

131 1283 275 1366 membri,
303 1281 383 1347 τάδε
396 1263 398 1280 ’
411 1282 447 1346 δὲ
473 1317 516 1334 -
541 1279 592 1345 ἐπ’
623 1279 770 1364 ἐλπίσιν,
795 1282 872 1348 idem
901 1305 970 1348 esse
990 1293 1078 1371 atque
1106 1308 1228 1376 praece-
1321 1353 1332 1379 Χ
1411 1291 1417 1300 ”

133 1386 242 1452 dentis·
260 1384 477 1449 existimaverit
505 1405 630 1448 necesse
651 1392 715 1467 est,
745 1385 864 1448 verbum
885 1384 950 1448 dico
973 1379 1098 1470 ἔχομεν.
1142 1387 1227 1462 (tried

65 1563 69 1573 Q
132 1487 160 1552 si
188 1485 384 1571 intelligimus
413 1469 675 1572 coniungimusque
701 1506 765 1550 eum
784 1485 890 1549 vuerbis
918 1482 969 1547 ἐπ’
996 1483 1144 1567 ἐλπίσιν,
1169 1489 1226 1556 hcc

130 1589 191 1652 iam
216 1594 306 1674 poeta
327 1585 441 1650 dixisse
463 1584 629 1650 censendus
646 1593 711 1650 est:
740 1587 845 1650 haecx
864 1585 1014 1672 quidem
1044 1588 1225 1656 habemus

73 1677 91 1687 “
131 1687 256 1755 oeulis
278 1684 488 1773 usurpanda
509 1675 621 1768 ddmi‚‘
643 1687 713 1752 illa
734 1707 837 1770 veru,
871 1708 964 1772 quae
986 1707 1097 1752 curae
1118 1691 1224 1759 nubis

130 1796 232 1869 sunt,
271 1795 551 1873 exspectemus.
606 1787 641 1851 lu
675 1807 733 1873 qua
764 1787 1028 1875 interpretatione,
1062 1797 1094 1854 ut
1125 1795 1245 1856 ceteral
1351 1787 1352 1794 ί

128 1890 261 1969 mittum,
284 1887 349 1973 quis
371 1895 419 1952 est
440 1888 510 1973 quin
531 1887 644 1968 videat,
673 1897 704 1952 et
726 1887 870 1973 languere
896 1887 969 1952 mire
995 1886 1081 1953 medo
1102 1889 1231 1976 pertici-¹.

127 1991 209 2078 pium
230 1975 397 2070 μιλόμινιι
419 1997 449 2052 et
469 1987 677 2052 mulestissime
698 1988 794 2074 repeti
816 2009 854 2051 ex
874 1987 1071 2074 praecedente
1093 1992 1224 2058 membru
1290 2019 1292 2024 ’

126 2091 251 2154 verbum
275 2083 407 2172 ἐχομιν,
433 2088 481 2152 cui
502 2088 600 2176 potius
625 2088 789 2175 oppositum
811 2087 849 2150 iri
868 2087 899 2150 iu
922 2107 957 2150 eu
980 2089 1122 2173 membro,
1145 2090 1222 2177 quud
1272 2119 1277 2142 ι

126 2190 177 2256 illi
198 2189 370 2278 opponitur,
392 2189 513 2252 verbum
535 2186 671 2252 diversae
692 2186 922 2273 significationis
944 2195 976 2251 ut
997 2186 1147 2254 auditores
1169 2209 1222 2279 pu·

127 2299 254 2371 tarent„
267 2296 382 2377 paetum
396 2289 503 2385 =ipsum
525 2287 761 2354 confermatieuc
781 2295 812 2350 et
832 2288 956 2351 membri
973 2288 1083 2376 prieris
1105 2299 1136 2354 et
1156 2313 1221 2355 ver·

70 2423 78 2428 ·
126 2413 182 2456 sus
203 2390 300 2454 ultimi
320 2390 407 2454 huius
429 2389 631 2475 autistruplrae
653 2388 761 2452 secisse
782 2395 890 2474 pateat.

158 2527 163 2534 ·
214 2491 284 2556 Neu
305 2491 405 2554 minus
431 2488 591 2554 offensioni
620 2489 678 2552 erit
703 2485 889 2570 μιλὸμινα,
923 2488 954 2564 εἰ,
979 2477 1118 2556 emissum
1152 2513 1220 2558 esse

98 2595 249 2660 ‘verbum
269 2585 341 2655 ἐστί
362 2589 515 2671 senseris,
535 2589 578 2652 ita
598 2592 631 2651 int
650 2584 822 2670 prldpsvei
842 2587 912 2653 ἐστι
934 2589 1041 2654 dictum
1059 2599 1147 2678 putes
1164 2614 1219 2680 pru
1295 2655 1300 2672 ,

124 2693 273 2777 μέλεται.
319 2691 452 2754 Primum
479 2689 556 2754 enim
581 2689 714 2752 inaudita
741 2691 814 2752 haee
842 2690 920 2752 leret
947 2690 1043 2753 lurma
1069 2690 1219 2776 loquendi,

124 2797 157 2861 si
184 2794 273 2857 verbo
302 2791 388 2856 sinito
410 2785 532 2874 ligeum
555 2791 720 2877 oppositum
742 2796 824 2854 esset
843 2788 1028 2876 participium
1048 2789 1219 2874 psl-ripam

5 2937 7 2976 :
123 2881 337 2964 omissuflurc'
365 2892 478 2979 eupula.
497 2959 510 2976 ,
526 2889 654 2954 Deinde·
666 2887 734 2975 quid
746 2885 871 2952 ‘tandem
899 2888 1110 2973 significabunt
1128 2894 1220 2958 verba

123 2993 180 3058 ἐπ’
203 2989 353 3073 ἐλπίσιν,
388 3012 462 3077 quae
497 2996 578 3054 recte
614 2990 661 3053 lic
690 2989 831 3076 cuuiumgi
858 3009 921 3052 eum
948 2985 1121 3072 paldmunt
1146 2991 1218 3056 ἐστι

121 3094 210 3160 nullu
232 3092 366 3180 equidem
387 3090 522 3178 exemplo
543 3090 663 3178 probari
690 3109 779 3177 posse
801 3096 880 3177 puto.
905 3089 1063 3178 Denique
1083 3113 1122 3155 ne
1144 3092 1218 3158 illud
1309 3153 1312 3164 ,

122 3194 242 3283 quidem
263 3190 492 3280 negligendum,
515 3190 591 3276 quud
613 3197 820 3266 centruusum
841 3189 994 3278 uulgarem
1016 3191 1131 3256 dativus
1149 3214 1234 3282 pru·

93 3298 251 3362 ‘numinis
277 3294 404 3382 amissus
430 3299 521 3358 esset.

211 3398 254 3461 At
280 3395 404 3480 egregie
428 3391 571 3479 precedet
595 3390 690 3458 oratio
724 3390 855 3479 uilrilque
887 3412 948 3456 uun
981 3398 1064 3458 recte
1089 3402 1217 3483 apteque

121 3498 234 3562 dictum
255 3496 323 3576 erit,
344 3494 371 3558 si
391 3490 465 3556 illud
487 3492 626 3580 scriptum
648 3512 666 3554 a
687 3499 776 3580 poeta
797 3491 960 3573 censueris,
982 3490 1059 3578 quud
1074 3499 1104 3557 et
1120 3494 1216 3584 ipsum

121 3598 163 3661 ab
184 3593 338 3662 Erfurdtio
358 3592 477 3658 restitui
497 3612 587 3678 pesse
608 3592 750 3656 rnunitum
772 3600 843 3668 estu

275 3707 356 3810 τιίόι·
379 3744 414 3810 δὲ
434 3739 577 3825 μένομεν
598 3718 647 3806 ἐπ’
668 3736 815 3814 ἐλπίσιν,

52 3917 75 3938 -“
116 3900 153 3966 id
179 3895 360 3979 est‚haee
385 3913 475 3958 vero
507 3890 710 3958 sollicitae
740 3901 1010 3981 exspectamur.
1057 3895 1106 3960 De
1132 3894 1212 3962 lucu·

117 3998 202 4064 tiene
223 3995 333 4080 μένειν
354 3991 463 4058 κακόν
483 3994 557 4058 satis
579 4000 626 4057 est
646 3992 708 4058 hue·
724 4013 811 4060 uuum
833 3994 970 4060 attulisse
982 3995 1156 4082 'exemplum
1173 4018 1212 4062 ex

116 4094 226 4183 Eurip.
247 4094 331 4160 Med.
347 4093 439 4162 1³96.
460 4093 539 4176 μένε
562 4091 620 4156 καὶ
640 4093 763 4178 γῆρας.Ι
800 4091 917 4184 Optime
935 4113 1024 4179 porro
1040 4116 1104 4161 cum
1120 4097 1212 4178 verbu

114 4195 232 4280 μένειν
261 4194 561 4278 concerdantverlnu
581 4189 631 4258 ἐπ’
653 4189 794 4268 ἐλπίσιν,
818 4192 861 4256 ita
883 4201 915 4256 ut
935 4189 1026 4273 μένω
1049 4193 1157 4264 κακόν
1178 4218 1212 4261 τι

89 4294 169 4362 ‘dm'
189 4291 319 4362 ἐλπίσιν
339 4295 504 4382 significet,
530 4302 703 4380 exspecto
730 4291 868 4362 mulum
895 4292 1208 4400 plenusxtimuris.
1237 4281 1242 4290 ’
