3028 5096
796 397 857 466 lot

718 493 921 512 ,ιη-*ιιι

362 590 526 676 Postquam
548 585 593 654 llll
615 585 674 650 luel
696 607 799 650 omnes
823 583 941 650 tractati
964 589 1042 670 sunt,
1062 582 1093 646 in
1113 583 1218 670 qulbus
1241 585 1386 650 mutanda

277 700 389 758 tanturn
417 690 517 778 putaui
547 709 622 774 quae
647 689 680 751 in
709 687 858 764 codicibus
890 683 1003 771 scripta
1022 683 1203 771 reperimus,
1230 684 1385 750 disseren-

277 793 376 856 duur
368 813 426 856 ιιιιιι
449 789 527 855 de''
508 811 546 852 us
568 789 704 866 versibus
726 794 790 867 est,
813 785 950 872 quinon
974 783 1160 870 corrigendi,
1187 784 1238 848 sed
1263 785 1387 850 delendi

279 893 352 958 mihi
373 889 528 972 videntur,
557 886 633 976 quod
654 909 716 952 non
737 908 756 950 a
777 885 927 974 Sophocle
949 885 1071 972 scripti,
1093 883 1148 948 sed
1169 886 1205 948 ah
1226 873 1386 951 histrioni·

280 995 336 1056 hus
359 991 451 1056 additi
473 991 543 1056 sint.
1285 1011 1289 1014 ·

286 1204 292 1216 ,
367 1139 528 1227 Cognitum
557 1147 655 1204 autern
681 1133 925 1225 exploratumque
954 1141 1016 1217 cst,
1043 1144 1193 1222 poetarum
1222 1135 1385 1200 celeberri-

282 1263 411 1322 morum,
440 1239 600 1326 Aeschyli,
630 1237 805 1326 Sophoclis,
831 1233 999 1321 Euripidis,
1031 1235 1147 1298 subulas
1172 1231 1244 1322 ¹post
1272 1237 1385 1300 obitum

281 1363 382 1406 eorum
404 1361 494 1426 saepe
516 1341 547 1403 in
569 1353 687 1402 scenam
707 1337 866 1425 productas
893 1355 970 1398 esse.
1022 1333 1086 1400 Csr.
1112 1335 1148 1401 C.
1171 1335 1231 1399 lon.
1255 1335 1386 1421 Grysar.

284 1441 321 1503 de
351 1440 532 1504 Graecorum
563 1446 641 1523 trag.
666 1446 724 1528 etc.
752 1459 780 1524 p.
807 1439 828 1500 2
854 1457 918 1520 sqq.
966 1433 1042 1498 Ilem
1079 1435 1170 1498 certis
1204 1435 1386 1501 testimoniis

286 1540 507 1626 comprobatur,
533 1536 564 1602 id
585 1558 650 1601 cunr
677 1537 778 1617 fieret,
807 1557 898 1622 saepe
918 1535 1080 1599 histriones
1103 1556 1161 1598 non
1185 1543 1296 1598 tautum
1318 1558 1388 1601 cor·

283 1641 386 1725 rigere
414 1644 566 1724 poetarum
594 1658 712 1700 manum
741 1643 914 1720 mutareque
941 1635 991 1704 hic
1017 1635 1079 1699 illic
1101 1657 1176 1720 quae
1197 1636 1293 1699 nriuus
1314 1644 1390 1724 apta

220 1815 227 1827 ι
285 1739 459 1804 viderentur
487 1735 646 1818 vocabula,
675 1735 730 1800 sed
752 1736 855 1826 'etiarn'
882 1725 961 1800 tutus
995 1757 1100 1800 uersus
1130 1734 1238 1798 addere
1264 1737 1300 1799 de
1328 1758 1389 1800 suo

241 1855 246 1860 '
286 1859 376 1903 ausos
399 1861 482 1920 esse,
515 1839 559 1903 ita
583 1845 616 1902 ut
643 1837 675 1901 in
705 1858 741 1900 ea
762 1837 968 1923 reciperentur
990 1835 1186 1923 exemplaria,
1218 1838 1389 1922 exquibus

248 1963 251 1969 ·
286 1941 345 2003 orti
373 1938 491 2002 codices
513 1938 557 2002 illi
579 1945 665 2020 suut,
695 1937 744 2023 qui
770 1958 862 2024 usque
892 1935 928 2000 ad
956 1945 1060 2001 nostra
1088 1945 1222 2023 tempora
1241 1958 1390 2024 pervene-

288 2048 367 2104 runt.
412 2037 477 2104 Csr.
500 2038 634 2103 Boeckh.
661 2037 697 2101 de
726 2035 861 2101 Graecae
883 2044 960 2122 trag.
982 2037 1093 2124 princc.
1116 2044 1173 2102 etc.
1195 2058 1223 2124 p.
1248 2036 1288 2100 12
1309 2059 1389 2124 sqq,

289 2138 572 2225 C.10S.Grysar
601 2138 621 2203 l.
651 2134 671 2202 l.
698 2158 728 2224 p
750 2135 874 2222 lisqq,
906 2136 1041 2203 Richter,
1070 2135 1106 2199 de
1133 2136 1295 2222 Aeschyli,
1328 2137 1391 2201 Su·

286 2239 418 2339 phoclls,
448 2239 599 2325 Euripidis
621 2237 842 2324 Interpretihus
851 2236 1037 2324 Graecisp.
1059 2238 1098 2301 21
1123 2259 1187 2322 sqq.
1230 2236 1391 2322 Aquilius

289 2361 364 2425 quae
386 2339 478 2402 allata
499 2339 676 2426 scriptorum
696 2338 865 2401 testimonia
880 2344 960 2418 sunt,
978 2338 1105 2400 maxime
1121 2337 1178 2401 huc
1195 2337 1392 2425 pertinentia,

282 2447 351 2501 'nou
373 2438 478 2501 inutile
501 2437 575 2500 duco
596 2438 663 2523 ipsa
684 2437 868 2522 apposuisse.
1281 2462 1288 2466 ·

376 2585 530 2650 Plutarch.
553 2584 589 2648 de
611 2583 699 2650 Fort.
720 2583 888 2650 Alexandr.
911 2608 955 2652 or.
976 2587 1034 2652 Il.-
1032 2608 1075 2674 ·p.
1098 2587 1170 2652 321.
1193 2585 1238 2651 ed
1261 2587 1391 2652 lleiska

291 2683 501 2770 uwpqrdold'
522 2705 612 2762 ησαν
623 2677 667 2748 οἱ
688 2685 765 2768 περὶ
787 2683 934 2752 Λύκωνα
956 2685 1016 2750 τὸν
1035 2687 1214 2771 Σκασφὲα·
1231 2685 1393 2774 τούτῳδ’

289 2783 337 2860 εἴς
360 2807 440 2850 τινα
463 2781 645 2874 κωμωδὶαν
666 2782 852 2868 ἐμβαλόντι
879 2783 996 2871 στίχον
1018 2779 1210 2864 αἰτητικόν,
1237 2783 1394 2869 γελάσας

290 2881 397 2960 εδῳκε
421 2885 503 2950 δέκα
531 2880 693 2950 τάλαντα.

377 3035 550 3100 Scholiasta
571 3036 676 3123 Eurip.
699 3036 737 3100 ad
757 3036 872 3101 Phoen.
894 3059 922 3102 v.
945 3033 1018 3102 264.
1042 3035 1088 3103 ed.
1107 3037 1235 3103 Μιιιλιι·
1254 3033 1300 3100 od
1316 3061 1394 3154 με-

167 3121 173 3128 ’
260 3134 442 3198 -θῶσιν·
472 3137 586 3217 οἱμὲν
607 3131 1114 3222 γράφονσινοιλκὲφρῶσιν.
1156 3121 1394 3201 οὶοῦνώιιο-

196 3283 201 3292 .
293 3234 409 3315 κριταὶ
438 3232 494 3298 ὃιιὶ
524 3233 562 3297 τό
591 3235 793 3355 δυςέκιιορον
813 3232 1090 3318 μεταιτλώττιινσι
1113 3235 1175 3314 την
1195 3235 1296 3318 λέξιν
1329 3239 1393 3300 καὶ

294 3329 523 3407 ψιλόξενος’
507 3355 542 3396 ιν
568 3335 614 3421 τῷ
640 3334 715 3418 auspi
743 3330 1052 3418 povouvlla'stwu‘
1033 3334 1208 3420 (νημάτων,
1236 3333 1287 3400 ὅτι
1316 3337 1394 3426 διοι-

128 3450 132 3458 ’
200 3469 205 3476 ·
292 3429 463 3515 λαμβάνει
483 3440 558 3517 περὶ
582 3435 642 3496 τοῦ
673 3437 774 3522 ppei,
802 3434 930 3512 ταύτην
951 3432 1015 3512 την
1030 3436 1150 3520 χρῆσιν
1170 3434 1284 3520 φησίν.
1336 3525 1341 3530 ‚

297 3609 302 3624 ⁸
377 3598 702 3666 iocunditates:
726 3599 783 3675 τίς
805 3595 836 3666 δ’
863 3597 954 3686 οὐχὶ
977 3601 1164 3680 θνητῶν·
1185 3597 1287 3676 οὕτως
1309 3602 1395 3667 ἁνα-

250 3773 261 3787 .
293 3697 478 3780 γνωστέον,
507 3695 625 3772 τίςδ’
648 3698 731 3784 ονχὶ
753 3701 934 3778 θνητῶν,
956 3702 1015 3764 καὶ
1036 3702 1200 3767 στικτὲον
1224 3691 1297 3765 εἶτα
1320 3698 1394 3768 ἀπὸ

295 3792 455 3875 ἄλλης’
432 3799 556 3881 αρχῆς,
592 3796 684 3881 ἀ’ρτι
718 3797 950 3882 γιγνώσκεις
983 3798 1090 3866 τόδε
1134 3800 1188 3864 διώ
1218 3803 1276 3864 και
1304 3798 1396 3884 prend

293 3895 353 3960 τοῦ
370 3903 392 3960 σ
410 3897 596 3982 γραπτέον,
612 3885 687 3962 οἷον
710 3899 762 3972 τίς
781 3895 843 3962 οὐκ
866 3895 941 3963 ἔστι
961 3900 1066 3974 κακος
1087 3896 1132 3974 εἰς
1153 3897 1293 3986 φίλους,
1315 3889 1397 3964 εἶτα

295 3995 336 4059 τὸ
357 3992 449 4080 ι’ίρτι
478 3992 697 4076 γινώσκεις
726 3995 840 4076 τόδε,
863 3987 936 4062 οἷον
957 3995 1036 4084 ἄρτι
1057 3996 1222 4082 ἔγνωκας,
1244 3993 1297 4063 ὅτι
1319 4023 1397 4065 eau-

295 4093 388 4168 τούς
393 4097 530 4210 μᾶλλον
544 4091 742 4184 potonem
717 4120 738 4173 η
763 4119 836 4164 τους
849 4095 963 4172 πέλας.
985 4100 1071 4168 otte
1090 4097 1273 4184 ὑποκριταὶ
1291 4100 1396 4165 τοῦτο

295 4187 522 4271 σῖγνοήσαντις
548 4195 587 4258 τὸ
616 4217 675 4271 της
703 4193 963 4277 αντιδιαστολῆς
995 4197 1299 4278 perornatam
1272 4222 1322 4274 εις
1353 4198 1398 4264 το

295 4289 364 4380 τίς.
382 4289 412 4356 δ’
444 4289 535 4380 oripi
560 4293 731 4390 θνητῶιι
748 4296 870 4390 codro
895 4293 1093 4378 γινώσκει
1114 4293 1267 4382 σαφῶςι
1336 4327 1342 4332 -
