3000 5108
525 339 529 346 Ι
643 353 685 432 97

163 591 170 604 .
232 533 368 605 coa·
384 533 480 624 dodo
501 525 821 622 tremescentem
841 535 1033 626 nepteo·
1014 563 1115 630 epm

266 642 426 726 στυγνῷ
445 635 641 728 προςῶπῳ
664 639 739 706 ’καὶ
759 644 1121 733 ονοωφροωμένῳ

268 739 362 826 dipso-

108 895 201 962 ddde
234 894 365 959 eiusdem
399 891 459 959 lab.
492 886 551 960 171
573 914 619 981 sq.
648 887 834 979 ἄκλαυτος,
872 890 1097 996 derivantur,
1128 895 1204 966 οὐδὲ

107 991 256 1061 τούπιὸν
275 991 382 1076 naaria
402 990 560 1079 μεθίστη
582 991 840 1082 χριοτὸςκεῦοοδῆ
861 992 973 1082 φύσιν.
1019 995 1022 1002 '

468 1317 532 1392 De
563 1343 595 1394 r.
617 1317 846 1412 sal-7899.
881 1391 889 1416 ,

196 1517 350 1588 Continuo
376 1525 507 1608 postea
535 1518 617 1586 chori
637 1518 743 1608 verba,
772 1515 809 1583 de
831 1517 934 1607 quibus
956 1517 1041 1584 modo
1063 1518 1201 1606 diximus,

117 1622 247 1708 seqnitur
268 1619 443 1712 coloquium
464 1619 543 1684 iuter
563 1619 705 1686 nutricem
726 1618 826 1702 illam,
848 1620 930 1684 cuius
952 1619 1094 1688 adrentus
1115 1623 1201 1708 modo

116 1721 267 1787 nuntiatus
294 1730 356 1802 est,
383 1729 413 1783 et
440 1719 559 1800 chorum
587 1720 636 1784 vel
662 1721 759 1810 potius
786 1720 871 1810 chori
892 1741 1037 1808 personas
1058 1723 1200 1810 habitum,

115 1822 193 1909 quod
214 1823 318 1886 mirum
341 1813 478 1906 duantum
493 1819 678 1886 librariorum
695 1818 808 1886 mendis
827 1830 993 1910 corruptum
1011 1831 1067 1908 est
1089 1823 1199 1891 Eorum

115 1935 148 1988 ut
170 1943 262 2011 paene
282 1915 394 1986 nullom
416 1911 481 1984 mea
502 1919 617 2008 quidem
633 1921 783 1984 sententia
798 1920 849 2008 qui
866 1920 962 1986 adhuc
976 1921 1062 1988 huius
1081 1924 1200 2000 fabulae

116 2023 246 2089 editores
271 2021 415 2087 exstitere
440 2021 639 2108 sustulerunt,
666 2021 710 2084 ita
734 2019 875 2110 pleraque
896 2043 935 2086 ne
956 2022 1199 2090 animadvertisse
1260 2097 1265 2106 ,

119 2122 235 2220 quidem
253 2124 403 2206 videntur,
423 2121 467 2186 ita
487 2131 520 2186 ut
541 2143 560 2186 a
580 2070 728 2212 Sophocle
749 2121 884 2210 prolecta
904 2123 1073 2210 crederent,
1101 2126 1200 2214 qualia

120 2224 192 2290 mibi
212 2211 320 2310 ipuidem
341 2243 428 2324 nemo
449 2205 567 2290 omnino
579 2221 759 2288 Graecorum
776 2221 892 2288 ridetur
909 2226 1038 2290 scribere
1057 2227 1199 2315 potuisse.

22 2373 24 2380 .
117 2326 220 2412 ltaque
241 2348 300 2391 nou
319 2327 385 2390 sine
405 2325 502 2389 fructu
524 2331 669 2390 tractasse
695 2324 772 2390 hunc
793 2322 889 2390 locum
911 2326 981 2392 milri
1002 2326 1141 2416 videbor,
1172 2328 1199 2392 si

117 2425 166 2492 vel
186 2420 244 2494 hoc
260 2448 348 2492 unum
369 2425 530 2515 perfecisse
551 2425 721 2508 indicator,
742 2434 774 2490 ut
795 2424 949 2492 multos
923 2447 988 2494 erius
1008 2449 1112 2494 vorsus
1134 2449 1200 2494 cor-

116 2537 216 2617 ruptos
244 2527 303 2591 iam
335 2549 402 2592 esse
427 2535 582 2614 appareat,
611 2547 685 2613 quos
711 2547 770 2616 pro!
793 2525 921 2616 integris
949 2528 1044 2596 adhuc
1069 2529 1199 2596 editores

117 2629 288 2694 habuerunt.
329 2629 406 2692 Nam
426 2624 499 2690 illud
520 2625 652 2714 prolecto
675 2649 713 2690 ne
735 2627 805 2692 mihi
820 2627 934 2714 quidem
952 2631 1115 2718 contigisse
1131 2651 1199 2720 pro·
1312 2641 1316 2646 '

122 2729 218 2814 fiteor,
246 2730 376 2816 quamvis
404 2724 559 2817 plurimum
581 2747 689 2814 operae
709 2726 742 2792 in
762 2727 944 2792 restituendo
966 2749 1002 2794 eo
1025 2729 1090 2794 loco
1111 2752 1199 2820 posu·

119 2831 203 2913 edm,
229 2838 278 2912 ut,
304 2837 392 2918 poeta
420 2825 489 2915 quid
516 2825 688 2914 scripsisset
715 2847 769 2914 pro
791 2848 843 2908 eo,
871 2825 948 2912 quod
969 2827 1046 2892 male
1065 2829 1097 2892 in
1119 2829 1199 2894 eodi-

115 2933 199 2998 cibns
221 2929 283 3018 legi
302 2929 454 3010 intellexi,
475 2928 581 3014 ulique
603 2948 745 2991 eruerem.
787 2925 914 2992 lmmu
906 2948 937 2992 rn
962 2927 1113 3018 plerisque
1133 2937 1199 2994 tan—

113 3038 172 3098 tum
202 3031 336 3095 versibus
364 3031 532 3128 genuinam
549 3027 612 3092 eius
641 3049 757 3092 manum
785 3026 946 3114 indagasse
973 3049 1019 3094 nne
1044 3038 1135 3118 puto;
1166 3027 1199 3098 iu

112 3133 236 3216 ceteris,
256 3133 305 3220 qui
327 3130 457 3218 corrupti
478 3135 557 3210 suut,
579 3128 653 3192 satis
675 3129 767 3192 habeo
787 3126 862 3194 illud
883 3139 1081 3214 monstrasse,
1102 3131 1199 3198 curius·

111 3233 196 3298 modi
205 3234 394 3322 sententiam
423 3229 593 3296 enuntiasse
621 3237 736 3318 poetam
759 3229 912 3296 eratione
941 3232 1031 3297 totius
1060 3231 1200 3322 colloquii

26 3358 29 3367 ¹
113 3309 254 3400 concludi
274 3331 387 3397 debeat.
429 3327 616 3398 Facillimum
636 3328 709 3395 illud
730 3341 878 3419 postremo
907 3341 954 3397 est
982 3331 1103 3417 docere,
1126 3355 1199 3422 quas

113 3435 247 3500 editores
273 3429 367 3498 adhuc
395 3432 467 3497 eius‘
486 3430 545 3496 loci
572 3433 772 3498 correctiones
798 3433 949 3514 fecerunt,
978 3435 1107 3520 quemme
1129 3456 1199 3522 pau·
1253 3428 1262 3488 '-

112 3535 269 3618 cissimas‚
290 3544 386 3600 tamen
408 3531 490 3598 nullo
510 3539 596 3620 pacto
624 3529 754 3620 probari¹
770 3553 869 3620 posse.
911 3529 960 3598 En
981 3541 1073 3602 totum
1093 3533 1199 3618 lucum,

114 3633 363 3722 quemadmodum
376 3634 408 3700 in
429 3631 577 3698 codicibus
597 3632 729 3721 scriptus
747 3640 866 3698 exstat:

209 3786 310 3852 TPO.
330 3769 357 3848 d
377 3783 509 3860 παῖδες,
530 3776 574 3857 ὥς
592 3775 647 3865 ἄρ’
665 3775 748 3864 ἡμὶν
768 3778 809 3847 οὐ
827 3780 974 3868 σμικρῶν
994 3787 1105 3850 κακῶν

328 3872 429 3972 ἦρξεν
450 3881 491 3950 τὸ
512 3877 800 3968 seprovocaret
819 3881 860 3967 cd
883 3881 1071 3968 πόμπιμον.

226 3985 308 4062 XO·
329 3984 368 4052 τῖ
382 3981 424 4061 δ”,
445 3974 471 4047 ὦ
491 3982 628 4070 γεραιοί,
650 3984 890 4062 κοινοποιηθέν
911 3985 1029 4066 λέγοοςς

211 4087 309 4157 Tro,
330 4086 459 4170 βέβηκε
481 4081 656 4178 Λῃοὲνςορο·
668 4083 730 4166 τήν
750 4082 967 4163 πανυστάτην

325 4184 411 4254 ὁδῶν
431 4180 572 4274 ἁπασῶν
591 4181 626 4263 ἐξ
645 4181 811 4264 ἀκινήτου
830 4183 941 4259 ποδός.
1094 4187 1157 4255 875

124 4333 126 4338 -
228 4283 363 4356 Χο.-οο’
384 4285 426 4366 δή
449 4281 524 4352 ποτ’
543 4280 587 4360 ὠς
609 4287 784 4363 cinaedum·
816 4280 1023 4356 aronam·
1040 4285 1199 4369 ἀκήκοας.
