3000 5108
570 366 761 536 4...-

202 599 259 686 Qui
285 599 561 692 postea-vulgatam
582 605 670 682 iuius
695 607 755 676 loci
781 608 956 700 scripturam
983 609 1143 694 defendere
1165 637 1214 683 co·
1287 691 1288 698 χ

21 749 23 834 p
113 703 204 769 nutus
229 707 276 767 est
301 700 501 792 Matthiaeus,
534 708 677 796 prolatus
710 707 747 783 G.
775 707 953 796 Diodorou,
980 731 1041 782 nou
1066 715 1163 784 ninus
1190 739 1211 788 a

21 843 22 876 3
114 819 187 865 uero
208 802 367 868 aberrasse
387 803 478 870 facile
498 805 696 894 intelligetur.
740 807 874 900 Scripsit·
889 799 942 882 ille
963 814 1053 882 haece
1151 867 1153 873 -

197 915 300 1001 „Cum
323 919 464 1008 dixisset,
488 917 534 1002 ἣν
559 919 668 1012 λώβαν
692 915 819 1010 prino?
849 925 913 1014 eya
933 929 1105 1018 προςιὸεἴν
1123 927 1209 1025 dpe-
1336 987 1356 1014 .,

112 1016 190 1098 lom*
204 1039 264 1084 non
286 1021 359 1086 ratis
381 1022 505 1106 habens,
527 1044 696 1092 aerumnam
716 1047 801 1094 suam
823 1036 883 1096 tum
904 1028 1021 1097 lenibus
1035 1033 1135 1100 verbis
1157 1033 1208 1100 de·

112 1117 256 1203 claresce,
286 1128 317 1185 et
343 1121 551 1210 indignitatem
578 1125 624 1193 rei
649 1147 780 1221 augens,
810 1130 896 1217 quasi
922 1130 1091 1220 explicandi
1116 1154 1208 1202 causa
1281 1139 1285 1156 '
1331 1201 1336 1212 ,

111 1217 206 1302 addit,
229 1213 298 1286 τόδ’
326 1217 503 1302 detonans
522 1225 653 1309 μανίας
672 1221 800 1324 ἄνθος,
825 1229 1115 1316 καταδερχθῆναι.
1156 1234 1207 1301 sd

111 1339 185 1404 quae
213 1322 299 1384 nenio
326 1323 518 1408 offendisset,
543 1325 572 1390 si
598 1327 729 1394 additum
755 1337 837 1395 esset
862 1329 921 1393 καὶ
936 1327 1018 1414 ,τόδ’
1038 1339 1095 1401 etc.
1142 1333 1206 1401 Sed

109 1425 178 1506 post
199 1419 371 1507 generalem
392 1425 438 1490 rei
459 1427 677 1515 expositionem
698 1449 744 1512 ea,
759 1429 943 1517 quihus-res
964 1431 1131 1499 accuratim
1153 1433 1205 1500 de-
1346 1448 1353 1470 ⁸

111 1519 256 1604 claretur,
277 1523 344 1588 sine
366 1525 472 1614 copula
491 1525 653 1606 subiiciunt
674 1527 792 1597 Graeci.
833 1529 915 1600 Vide
929 1528 988 1596 ad
1000 1531 1106 1626 Eurip.
1126 1533 1203 1603 llec.
1308 1524 1311 1529 ’

109 1641 135 1687 v.
156 1619 229 1688 777.
250 1643 279 1712 p.
300 1621 381 1691 88.“

191 1755 240 1822 Ad
256 1741 408 1847 Euripidis
423 1758 595 1848 Hecubam,
616 1768 650 1828 ut
669 1761 734 1855 ipse
754 1761 858 1830 videas
880 1764 964 1837 cuins
986 1765 1108 1854 genem
1129 1767 1202 1854 sint,
1240 1795 1242 1808 ·

107 1853 183 1922 ilem
203 1857 278 1922 haec
299 1859 466 1924 adnotavit:
604 1875 606 1884 “
738 1859 740 1868 ’

184 1975 292 2058 3,Post
312 1975 484 2062 generalem
504 1977 549 2044 rei
570 1979 787 2069 exposiu'nnem
807 2002 860 2064 ea,
881 1981 1058 2069 quibuares
1075 2003 1201 2049 accura-

108 2073 163 2138 tius
185 2075 362 2163 explicatur‚
383 2077 449 2142 sine
471 2071 577 2166 copula
597 2079 756 2156 subiiciunt
774 2080 893 2148 Graeci.
935 2081 1027 2147 Plato
1044 2082 1199 2172 Phaedon.

105 2193 132 2261 p.
153 2173 205 2241 68.
227 2176 265 2242 Ε.
288 2179 320 2239 τί
340 2173 389 2260 δέ,
411 2177 443 2240 οἱ
465 2169 599 2262 κ’ὁσμιοι
619 2173 725 2244 αὐτῶν
744 2179 787 2244 od
807 2175 932 2247 ταύτόν
951 2183 1053 2248 τοῦτο
1074 2177 1202 2250 πεπόν-

107 2273 231 2348 θασιν,
273 2269 445 2360 ἀκολασίᾳ
478 2267 546 2342 τινὶ
578 2274 746 2366 σώφρονές
778 2272 882 2361 stoan·
934 2279 999 2349 co.
1028 2304 1057 2374 p.
1082 2280 1134 2350 78.
1160 2284 1199 2370 Ε.

22 2435 23 2440 ,
108 2373 200 2464 Gorg.
223 2398 252 2464 p.
273 2373 346 2442 450.
368 2377 408 2444 Α.
429 2376 466 2444 Β.
495 2373 568 2444 465.
590 2377 631 2446 D.
657 2377 729 2446 479.
751 2378 788 2446 Β.
811 2378 848 2446 C.
891 2377 956 2450 cfr.
978 2381 1138 2449 Heindorf.
1160 2381 1199 2450 ad

106 2475 258 2542 Phaedon.
280 2499 309 2565 p.
331 2475 382 2544 57.
404 2486 435 2542 et
455 2499 485 2567 p.
507 2477 557 2544 79.
580 2479 607 2564 §.
629 2477 681 2546 50.
713 2476 840 2582 Protag.
862 2477 893 2564 §.⁸
910 2463 975 2547 ln*
997 2479 1127 2548 Gramm.
1149 2502 1197 2572 gr.
1252 2499 1261 2516 ⁸
1339 2533 1346 2542 .

106 2577 272 2643 scholarum
297 2577 398 2643 usibus
427 2577 675 2644 accommodatam
701 2575 730 2662 ᾗ.
753 2577 825 2647 630.
848 2578 880 2644 3.
907 2580 996 2647 etiam
1019 2603 1082 2648 non
1110 2603 1197 2673 prae·

26 2703 36 2719 =
105 2679 219 2762 gressis
250 2663 362 2744 πὸιεΐν
393 2685 444 2744 aut
475 2673 615 2762 πάσχειν
643 2676 691 2743 vel
720 2674 815 2757 τόδε,
848 2673 931 2742 τάδε
936 2724 949 2758 ,
985 2679 1125 2769 Sophocl.
1146 2682 1198 2751 Αἰ.
1275 2693 1283 2700 “

103 2775 163 2842 839
185 2799 231 2866 sq.
257 2771 316 2839 καὶ
340 2797 429 2863 σφας
457 2773 586 2850 κακούς
612 2772 760 2841 aduecta
783 2773 840 2839 καὶ
860 2773 1104 2866 πανωλέθρους
1124 2773 1143 2856 ξ
1180 2817 1198 2834 -

104 2871 305 2962 aperiamus,
334 2869 436 2968 ὥςπερ
457 2869 600 2962 εἲςορῶσ’
620 2875 675 2961 ἐμὲ
696 2871 899 2960 αὐτοσφαγῆ
921 2869 1088 2942 πίπτοντα
1095 2875 1107 2958 ,“
1136 2873 1198 2954 τώς

103 2967 331 3064 αὐτοσφαγὶῖς
346 2972 432 3062 πρὸς
446 2975 510 3040 τῶν
524 2971 688 3068 peliacus
703 2970 849 3060 ἐκγόνων
866 2971 1016 3041 ὀλοίατο.
1039 2976 1089 3043 ubi
1105 2978 1197 3043 verba
1247 3024 1250 3036 .

104 3069 208 3164 ὥςπερ
230 3069 373 3163 εἲςορῶσ’
395 3073 454 3159 ἐμέ
475 3082 532 3144 etc.
553 3077 719 3142 accuratius
741 3071 925 3164 explicandis
940 3075 997 3161 iis,
1020 3096 1094 3166 quae
1108 3098 1195 3168 prae·

104 3183 272 3262 cesserunt,
293 3175 495 3250 inserviunt.“

50 3294 58 3300 ⁸
184 3311 319 3377 Primum
341 3297 425 3396 quam
446 3331 485 3376 ex
497 3307 598 3398 Soph.
620 3308 671 3375 ai.
692 3307 795 3376 attulit
814 3309 926 3393 locum,
954 3301 1021 3384 eum
1042 3329 1103 3396 non
1117 3331 1196 3378 aare

103 3433 121 3476 a
140 3411 291 3500 Sophocle
313 3411 470 3501 scriptam,
491 3409 610 3497 planum
631 3409 691 3504 feci
703 3409 736 3474 in
751 3409 888 3478 Censura
901 3409 990 3477 siae.
1005 3410 1042 3475 ab
1057 3409 1199 3478 Lolock.

101 3511 206 3578 iterum
233 3511 303 3574 edit.
326 3531 355 3596 p.
378 3507 440 3574 165
461 3531 525 3595 sqq.
569 3510 635 3584 Quo
659 3510 692 3574 in
718 3509 795 3603 libro
821 3531 896 3597 quae
922 3509 1050 3598 exposui
1077 3509 1114 3576 de
1138 3509 1195 3578 ¹illo

101 3609 175 3696 loco,
199 3610 298 3678 exiis
321 3609 409 3674 simul
429 3610 486 3675 hnc
506 3617 641 3700 apparet,
660 3609 851 3675 vehementer
870 3608 952 3676 illius
972 3607 1195 3676 ladasdeum
1268 3663 1273 3682 ,

101 3712 135 3776 ab
159 3714 218 3778 hoc
246 3711 313 3790 loco
339 3708 471 3776 differre.
521 3710 598 3776 ltom
625 3715 737 3776 certum
765 3715 829 3791 est,
856 3707 994 3798 exempla
1021 3707 1196 3777 el'latnno

102 3811 191 3886 allata
210 3812 303 3897 longo
324 3809 400 3875 alius
422 3810 543 3896 generis
565 3831 644 3876 esse.
675 3810 764 3875 “Nam
791 3807 853 3875 illis
882 3807 953 3895 qnid
973 3806 1092 3874 tundam
1113 3805 1195 3874 aliud

101 3912 258 3997 probatur,
281 3929 368 3996 quarn
388 3907 434 3990 id,
456 3906 534 3994 quod
553 3909 665 3974 nemini
686 3930 822 3997 nmquam
843 3908 948 3974 mirum
968 3907 1063 3980 videri
1083 3913 1193 3995 potest,

102 4030 312 4100 saepenumero
334 4006 417 4072 nulla
436 4007 593 4098 interiecta
614 4015 665 4074 aut
679 4008 791 4097 copula
815 4013 868 4072 aut
886 4003 1033 4094 particula
1061 4004 1194 4096 explica·
1240 4014 1250 4030 '

102 4110 165 4178 tiva
189 4117 283 4176 totum
308 4107 468 4186 membrum
493 4106 575 4191 addi,
604 4129 661 4194 quo
686 4126 849 4196 pronomen
874 4103 993 4194 aliquod
1021 4102 1068 4169 vel
1089 4101 1194 4194 adverf

94 4207 197 4293 laium,
218 4207 297 4297 quod
317 4206 531 4296 praecesserit,
563 4208 729 4274 accuratius
751 4205 935 4294 explicaturi
977 4204 1009 4272 A
1031 4203 1194 4272 cuiusmodi
1255 4215 1256 4219 ’

102 4309 242 4400 exemplis
264 4309 368 4378 nuum
390 4317 529 4394 quantum
550 4296 602 4374 ¹hic
627 4305 710 4377 locus
739 4303 849 4375 differt.
890 4303 954 4378 llic
965 4302 1051 4470 puin
1072 4304 1193 4370 verbnm
